%% This BibTeX bibliography file was created using BibDesk.
%% http://bibdesk.sourceforge.net/


%% Created for Dennis Evangelista at 2010-10-25 15:47:33 -0700 


%% Saved with string encoding Unicode (UTF-8) 



@manual{R:2010,
	Address = {Vienna, Austria},
	Author = {{R Development Core Team}},
	Date-Added = {2010-10-25 15:46:23 -0700},
	Date-Modified = {2010-10-25 15:47:32 -0700},
	Note = {{ISBN} 3-900051-07-0},
	Organization = {R Foundation for Statistical Computing},
	Rating = {5},
	Title = {R: A Language and Environment for Statistical Computing},
	Url = {http://www.R-project.org},
	Year = {2010},
	Bdsk-Url-1 = {http://www.R-project.org}}

@article{Altshuler:2002,
	Author = {Altshuler, Douglas L. and Robert Dudley},
	Date-Added = {2010-04-21 13:26:45 -0700},
	Date-Modified = {2010-04-21 13:26:45 -0700},
	Journal = {J. exp. Biol.},
	Pages = {2325-2336},
	Title = {The ecological and evolutionary interface of hummingbird flight physiology},
	Volume = {205},
	Year = {2002},
	Bdsk-File-1 = {YnBsaXN0MDDUAQIDBAUIJidUJHRvcFgkb2JqZWN0c1gkdmVyc2lvblkkYXJjaGl2ZXLRBgdUcm9vdIABqAkKFRYXGyIjVSRudWxs0wsMDQ4RFFpOUy5vYmplY3RzV05TLmtleXNWJGNsYXNzog8QgASABqISE4ACgAOAB1lhbGlhc0RhdGFccmVsYXRpdmVQYXRo0hgNGRpXTlMuZGF0YU8RAhYAAAAAAhYAAgAADE1hY2ludG9zaCBIRAAAAAAAAAAAAAAAAAAAAMNhm/VIKwAAAfWsgx9KLiBFeHAuIEJpb2wuIDIwMDIgIzFGNUFDNEYucGRmAAAAAAAAAAAAAAAAAAAAAAAAAAAAAAAAAAAAAAAAAAAB9axPw+mOpgAAAAAAAAAAAAIABQAACSAAAAAAAAAAAAAAAAAAAAAJQWx0c2h1bGVyAAAQAAgAAMNiDHUAAAARAAgAAMPp/yYAAAABABgB9ayDAAwHbwAMA04AC9/aAAvfhQAAeWsAAgBkTWFjaW50b3NoIEhEOlVzZXJzOmRlbm5pc2V2YW5nZWxpc3RhOkRvY3VtZW50czpQYXBlcnM6MjAwMjpBbHRzaHVsZXI6Si4gRXhwLiBCaW9sLiAyMDAyICMxRjVBQzRGLnBkZgAOAEYAIgBKAC4AIABFAHgAcAAuACAAQgBpAG8AbAAuACAAMgAwADAAMgAgAEEAbAB0AHMAaAB1AGwAZQByAC0AMgAuAHAAZABmAA8AGgAMAE0AYQBjAGkAbgB0AG8AcwBoACAASABEABIAWlVzZXJzL2Rlbm5pc2V2YW5nZWxpc3RhL0RvY3VtZW50cy9QYXBlcnMvMjAwMi9BbHRzaHVsZXIvSi4gRXhwLiBCaW9sLiAyMDAyIEFsdHNodWxlci0yLnBkZgATAAEvAAAVAAIAGP//AACABdIcHR4fWCRjbGFzc2VzWiRjbGFzc25hbWWjHyAhXU5TTXV0YWJsZURhdGFWTlNEYXRhWE5TT2JqZWN0XxBILi4vLi4vRG9jdW1lbnRzL1BhcGVycy8yMDAyL0FsdHNodWxlci9KLiBFeHAuIEJpb2wuIDIwMDIgQWx0c2h1bGVyLTIucGRm0hwdJCWiJSFcTlNEaWN0aW9uYXJ5EgABhqBfEA9OU0tleWVkQXJjaGl2ZXIACAARABYAHwAoADIANQA6ADwARQBLAFIAXQBlAGwAbwBxAHMAdgB4AHoAfACGAJMAmACgAroCvALBAsoC1QLZAucC7gL3A0IDRwNKA1cDXAAAAAAAAAIBAAAAAAAAACgAAAAAAAAAAAAAAAAAAANu}}

@article{Bundle:2003,
	Abstract = {A recently discovered locomotor behavior, wing-assisted incline running (WAIR), allows fully volant animals to `run' up vertical obstacles. Such a task would appear to be especially formidable for bipeds, yet WAIR is used },
	Author = {Matthew W Bundle and Kenneth P Dial},
	Date-Added = {2010-04-21 13:26:45 -0700},
	Date-Modified = {2010-04-21 13:26:45 -0700},
	Journal = {J. Exp. Biol.},
	Local-Url = {file://localhost/Users/dennisevangelista/Documents/Papers/2003/Bundle/J.%20Exp.%20Biol.%202003%20Bundle-1.pdf},
	Pages = {4553-4564},
	Pmid = {5746354219941777606related:xlAysbcmv08J},
	Rating = {5},
	Title = {Mechanics of wing-assisted incline running ({WAIR})},
	Uri = {papers://7745578F-AF22-43C6-9381-71DCABA46510/Paper/p2352},
	Url = {http://jeb.biologists.org/cgi/content/abstract/206/24/4553},
	Volume = {206},
	Year = {2003},
	Bdsk-File-1 = {YnBsaXN0MDDUAQIDBAUIJidUJHRvcFgkb2JqZWN0c1gkdmVyc2lvblkkYXJjaGl2ZXLRBgdUcm9vdIABqAkKFRYXGyIjVSRudWxs0wsMDQ4RFFpOUy5vYmplY3RzV05TLmtleXNWJGNsYXNzog8QgASABqISE4ACgAOAB1lhbGlhc0RhdGFccmVsYXRpdmVQYXRo0hgNGRpXTlMuZGF0YU8RAgQAAAAAAgQAAgAADE1hY2ludG9zaCBIRAAAAAAAAAAAAAAAAAAAAMNhm/VIKwAAAAwIch9KLiBFeHAuIEJpb2wuIDIwMDMgQnVuZGxlLTEucGRmAAAAAAAAAAAAAAAAAAAAAAAAAAAAAAAAAAAAAAAAAAARlP33xuvGkQAAAAAAAAAAAAIABQAACSAAAAAAAAAAAAAAAAAAAAAGQnVuZGxlABAACAAAw2IMdQAAABEACAAAxuwpAQAAAAEAGAAMCHIADAhdAAwDTgAL39oAC9+FAAB5awACAGFNYWNpbnRvc2ggSEQ6VXNlcnM6ZGVubmlzZXZhbmdlbGlzdGE6RG9jdW1lbnRzOlBhcGVyczoyMDAzOkJ1bmRsZTpKLiBFeHAuIEJpb2wuIDIwMDMgQnVuZGxlLTEucGRmAAAOAEAAHwBKAC4AIABFAHgAcAAuACAAQgBpAG8AbAAuACAAMgAwADAAMwAgAEIAdQBuAGQAbABlAC0AMQAuAHAAZABmAA8AGgAMAE0AYQBjAGkAbgB0AG8AcwBoACAASABEABIAVFVzZXJzL2Rlbm5pc2V2YW5nZWxpc3RhL0RvY3VtZW50cy9QYXBlcnMvMjAwMy9CdW5kbGUvSi4gRXhwLiBCaW9sLiAyMDAzIEJ1bmRsZS0xLnBkZgATAAEvAAAVAAIAGP//AACABdIcHR4fWCRjbGFzc2VzWiRjbGFzc25hbWWjHyAhXU5TTXV0YWJsZURhdGFWTlNEYXRhWE5TT2JqZWN0XxBCLi4vLi4vRG9jdW1lbnRzL1BhcGVycy8yMDAzL0J1bmRsZS9KLiBFeHAuIEJpb2wuIDIwMDMgQnVuZGxlLTEucGRm0hwdJCWiJSFcTlNEaWN0aW9uYXJ5EgABhqBfEA9OU0tleWVkQXJjaGl2ZXIACAARABYAHwAoADIANQA6ADwARQBLAFIAXQBlAGwAbwBxAHMAdgB4AHoAfACGAJMAmACgAqgCqgKvArgCwwLHAtUC3ALlAyoDLwMyAz8DRAAAAAAAAAIBAAAAAAAAACgAAAAAAAAAAAAAAAAAAANW},
	Bdsk-Url-1 = {http://jeb.biologists.org/cgi/content/abstract/206/24/4553}}

@article{Chai:1999,
	Abstract = { 0003-0147/99/5304-0005{\$}03.00.     : , ,  - . Peng Chai 1 and. Robert Dudley 1,2, *. },
	Author = {P Chai and Robert A Dudley},
	Date-Added = {2010-04-21 13:26:45 -0700},
	Date-Modified = {2010-04-21 13:26:45 -0700},
	Journal = {Am. Nat.},
	Local-Url = {file://localhost/Users/dennisevangelista/Documents/Papers/1999/Chai/Am.%20Nat.%201999%20Chai.pdf},
	Number = {4},
	Pages = {398-411},
	Pmid = {6545986454262239283},
	Rating = {0},
	Title = {Maximum Flight Performance of Hummingbirds: Capacities, Constraints, and Trade-Offs},
	Uri = {papers://7745578F-AF22-43C6-9381-71DCABA46510/Paper/p5405},
	Url = {http://www.journals.uchicago.edu/doi/abs/10.1086/303179},
	Volume = {153},
	Year = {1999},
	Bdsk-File-1 = {YnBsaXN0MDDUAQIDBAUIJidUJHRvcFgkb2JqZWN0c1gkdmVyc2lvblkkYXJjaGl2ZXLRBgdUcm9vdIABqAkKFRYXGyIjVSRudWxs0wsMDQ4RFFpOUy5vYmplY3RzV05TLmtleXNWJGNsYXNzog8QgASABqISE4ACgAOAB1lhbGlhc0RhdGFccmVsYXRpdmVQYXRo0hgNGRpXTlMuZGF0YU8RAdIAAAAAAdIAAgAADE1hY2ludG9zaCBIRAAAAAAAAAAAAAAAAAAAAMNhm/VIKwAAA+C8WhRBbSBOYXQgMTk5OSBDaGFpLnBkZgAAAAAAAAAAAAAAAAAAAAAAAAAAAAAAAAAAAAAAAAAAAAAAAAAAAAAAAAAD145hxUh+6QAAAAAAAAAAAAIABQAACSAAAAAAAAAAAAAAAAAAAAAEQ2hhaQAQAAgAAMNiDHUAAAARAAgAAMVI72kAAAABABgD4LxaAAwF8wAMA04AC9/aAAvfhQAAeWsAAgBUTWFjaW50b3NoIEhEOlVzZXJzOmRlbm5pc2V2YW5nZWxpc3RhOkRvY3VtZW50czpQYXBlcnM6MTk5OTpDaGFpOkFtIE5hdCAxOTk5IENoYWkucGRmAA4AKgAUAEEAbQAgAE4AYQB0ACAAMQA5ADkAOQAgAEMAaABhAGkALgBwAGQAZgAPABoADABNAGEAYwBpAG4AdABvAHMAaAAgAEgARAASAEdVc2Vycy9kZW5uaXNldmFuZ2VsaXN0YS9Eb2N1bWVudHMvUGFwZXJzLzE5OTkvQ2hhaS9BbSBOYXQgMTk5OSBDaGFpLnBkZgAAEwABLwAAFQACABj//wAAgAXSHB0eH1gkY2xhc3Nlc1okY2xhc3NuYW1lox8gIV1OU011dGFibGVEYXRhVk5TRGF0YVhOU09iamVjdF8QNS4uLy4uL0RvY3VtZW50cy9QYXBlcnMvMTk5OS9DaGFpL0FtIE5hdCAxOTk5IENoYWkucGRm0hwdJCWiJSFcTlNEaWN0aW9uYXJ5EgABhqBfEA9OU0tleWVkQXJjaGl2ZXIACAARABYAHwAoADIANQA6ADwARQBLAFIAXQBlAGwAbwBxAHMAdgB4AHoAfACGAJMAmACgAnYCeAJ9AoYCkQKVAqMCqgKzAusC8ALzAwADBQAAAAAAAAIBAAAAAAAAACgAAAAAAAAAAAAAAAAAAAMX},
	Bdsk-Url-1 = {http://www.journals.uchicago.edu/doi/abs/10.1086/303179}}

@article{Chai:1998,
	Abstract = {The small size of hummingbirds results in a high thermal conductance and metabolic rate relative to other birds (Lasiewski, 1963). There thus exists strong selective pressure for hummingbirds to achieve thermal stability and },
	Author = {Peng Chai and A Chang and Robert A Dudley},
	Date-Added = {2010-04-21 13:26:45 -0700},
	Date-Modified = {2010-04-21 13:26:45 -0700},
	Journal = {J. Exp. Biol.},
	Local-Url = {file://localhost/Users/dennisevangelista/Documents/Papers/1998/Chai/J.%20Exp.%20Biol.%201998%20Chai-1.pdf},
	Month = {Jan},
	Pmid = {17002657830161065478related:BqZDbDaT9esJ},
	Rating = {4},
	Title = {Flight thermogenesis and energy conservation in hovering hummingbirds},
	Uri = {papers://7745578F-AF22-43C6-9381-71DCABA46510/Paper/p2992},
	Url = {http://jeb.biologists.org/cgi/content/abstract/201/7/963},
	Year = {1998},
	Bdsk-File-1 = {YnBsaXN0MDDUAQIDBAUIJidUJHRvcFgkb2JqZWN0c1gkdmVyc2lvblkkYXJjaGl2ZXLRBgdUcm9vdIABqAkKFRYXGyIjVSRudWxs0wsMDQ4RFFpOUy5vYmplY3RzV05TLmtleXNWJGNsYXNzog8QgASABqISE4ACgAOAB1lhbGlhc0RhdGFccmVsYXRpdmVQYXRo0hgNGRpXTlMuZGF0YU8RAfYAAAAAAfYAAgAADE1hY2ludG9zaCBIRAAAAAAAAAAAAAAAAAAAAMNhm/VIKwAAAqmFSh1KLiBFeHAuIEJpb2wuIDE5OTggQ2hhaS0xLnBkZgAAAAAAAAAAAAAAAAAAAAAAAAAAAAAAAAAAAAAAAAAAAAACqSm8xAhXkwAAAAAAAAAAAAIABQAACSAAAAAAAAAAAAAAAAAAAAAEQ2hhaQAQAAgAAMNiDHUAAAARAAgAAMQIugMAAAABABgCqYVKAAwFswAMA04AC9/aAAvfhQAAeWsAAgBdTWFjaW50b3NoIEhEOlVzZXJzOmRlbm5pc2V2YW5nZWxpc3RhOkRvY3VtZW50czpQYXBlcnM6MTk5ODpDaGFpOkouIEV4cC4gQmlvbC4gMTk5OCBDaGFpLTEucGRmAAAOADwAHQBKAC4AIABFAHgAcAAuACAAQgBpAG8AbAAuACAAMQA5ADkAOAAgAEMAaABhAGkALQAxAC4AcABkAGYADwAaAAwATQBhAGMAaQBuAHQAbwBzAGgAIABIAEQAEgBQVXNlcnMvZGVubmlzZXZhbmdlbGlzdGEvRG9jdW1lbnRzL1BhcGVycy8xOTk4L0NoYWkvSi4gRXhwLiBCaW9sLiAxOTk4IENoYWktMS5wZGYAEwABLwAAFQACABj//wAAgAXSHB0eH1gkY2xhc3Nlc1okY2xhc3NuYW1lox8gIV1OU011dGFibGVEYXRhVk5TRGF0YVhOU09iamVjdF8QPi4uLy4uL0RvY3VtZW50cy9QYXBlcnMvMTk5OC9DaGFpL0ouIEV4cC4gQmlvbC4gMTk5OCBDaGFpLTEucGRm0hwdJCWiJSFcTlNEaWN0aW9uYXJ5EgABhqBfEA9OU0tleWVkQXJjaGl2ZXIACAARABYAHwAoADIANQA6ADwARQBLAFIAXQBlAGwAbwBxAHMAdgB4AHoAfACGAJMAmACgApoCnAKhAqoCtQK5AscCzgLXAxgDHQMgAy0DMgAAAAAAAAIBAAAAAAAAACgAAAAAAAAAAAAAAAAAAANE},
	Bdsk-Url-1 = {http://jeb.biologists.org/cgi/content/abstract/201/7/963}}

@article{Daley:2007,
	Abstract = {J. Exp. Biol.},
	Affiliation = {Harvard University, Department of Organismic and Evolutionary Biology},
	Author = {Monica A Daley and G Felix and Andrew A Biewener},
	Date-Added = {2010-04-21 13:26:45 -0700},
	Date-Modified = {2010-04-21 13:26:45 -0700},
	Doi = {10.1242/jeb.004226},
	Journal = {J. Exp. Biol.},
	Local-Url = {file://localhost/Users/dennisevangelista/Documents/Papers/2007/Daley/J.%20Exp.%20Biol.%202007%20Daley.pdf},
	Month = {Jan},
	Pages = {383--394},
	Rating = {0},
	Read = {Yes},
	Title = {Running stability is enhanced by a proximo-distal gradient in joint neuromechanical control},
	Uri = {papers://7745578F-AF22-43C6-9381-71DCABA46510/Paper/p564},
	Volume = {210},
	Year = {2007},
	Bdsk-File-1 = {YnBsaXN0MDDUAQIDBAUIJidUJHRvcFgkb2JqZWN0c1gkdmVyc2lvblkkYXJjaGl2ZXLRBgdUcm9vdIABqAkKFRYXGyIjVSRudWxs0wsMDQ4RFFpOUy5vYmplY3RzV05TLmtleXNWJGNsYXNzog8QgASABqISE4ACgAOAB1lhbGlhc0RhdGFccmVsYXRpdmVQYXRo0hgNGRpXTlMuZGF0YU8RAfYAAAAAAfYAAgAADE1hY2ludG9zaCBIRAAAAAAAAAAAAAAAAAAAAMNhm/VIKwAAAAwOpBxKLiBFeHAuIEJpb2wuIDIwMDcgRGFsZXkucGRmAAAAAAAAAAAAAAAAAAAAAAAAAAAAAAAAAAAAAAAAAAAAAAAADA6lweeb+QAAAAAAAAAAAAIABQAACSAAAAAAAAAAAAAAAAAAAAAFRGFsZXkAABAACAAAw2IMdQAAABEACAAAwegMeQAAAAEAGAAMDqQADA49AAwDTgAL39oAC9+FAAB5awACAF1NYWNpbnRvc2ggSEQ6VXNlcnM6ZGVubmlzZXZhbmdlbGlzdGE6RG9jdW1lbnRzOlBhcGVyczoyMDA3OkRhbGV5OkouIEV4cC4gQmlvbC4gMjAwNyBEYWxleS5wZGYAAA4AOgAcAEoALgAgAEUAeABwAC4AIABCAGkAbwBsAC4AIAAyADAAMAA3ACAARABhAGwAZQB5AC4AcABkAGYADwAaAAwATQBhAGMAaQBuAHQAbwBzAGgAIABIAEQAEgBQVXNlcnMvZGVubmlzZXZhbmdlbGlzdGEvRG9jdW1lbnRzL1BhcGVycy8yMDA3L0RhbGV5L0ouIEV4cC4gQmlvbC4gMjAwNyBEYWxleS5wZGYAEwABLwAAFQACABj//wAAgAXSHB0eH1gkY2xhc3Nlc1okY2xhc3NuYW1lox8gIV1OU011dGFibGVEYXRhVk5TRGF0YVhOU09iamVjdF8QPi4uLy4uL0RvY3VtZW50cy9QYXBlcnMvMjAwNy9EYWxleS9KLiBFeHAuIEJpb2wuIDIwMDcgRGFsZXkucGRm0hwdJCWiJSFcTlNEaWN0aW9uYXJ5EgABhqBfEA9OU0tleWVkQXJjaGl2ZXIACAARABYAHwAoADIANQA6ADwARQBLAFIAXQBlAGwAbwBxAHMAdgB4AHoAfACGAJMAmACgApoCnAKhAqoCtQK5AscCzgLXAxgDHQMgAy0DMgAAAAAAAAIBAAAAAAAAACgAAAAAAAAAAAAAAAAAAANE},
	Bdsk-Url-1 = {http://dx.doi.org/10.1242/jeb.004226}}

@article{Dial:2008,
	Author = {Kenneth P Dial and Brandon E Jackson and Paolo Segre},
	Date-Added = {2010-04-21 13:26:45 -0700},
	Date-Modified = {2010-04-21 13:26:45 -0700},
	Doi = {doi:10.1038/nature06517},
	Journal = {Nature},
	Local-Url = {file://localhost/Users/dennisevangelista/Documents/Papers/2008/Dial/Nature%202008%20Dial.pdf},
	Month = {Jan},
	Pages = {6},
	Rating = {4},
	Title = {A fundamental avian wing-stroke provides a new perspective on the evolution of flight},
	Uri = {papers://7745578F-AF22-43C6-9381-71DCABA46510/Paper/p2513},
	Year = {2008},
	Bdsk-File-1 = {YnBsaXN0MDDUAQIDBAUIJidUJHRvcFgkb2JqZWN0c1gkdmVyc2lvblkkYXJjaGl2ZXLRBgdUcm9vdIABqAkKFRYXGyIjVSRudWxs0wsMDQ4RFFpOUy5vYmplY3RzV05TLmtleXNWJGNsYXNzog8QgASABqISE4ACgAOAB1lhbGlhc0RhdGFccmVsYXRpdmVQYXRo0hgNGRpXTlMuZGF0YU8RAdIAAAAAAdIAAgAADE1hY2ludG9zaCBIRAAAAAAAAAAAAAAAAAAAAMNhm/VIKwAAAOnrVxROYXR1cmUgMjAwOCBEaWFsLnBkZgAAAAAAAAAAAAAAAAAAAAAAAAAAAAAAAAAAAAAAAAAAAAAAAAAAAAAAAAAA6etGw7zbWAAAAAAAAAAAAAIABQAACSAAAAAAAAAAAAAAAAAAAAAERGlhbAAQAAgAAMNiDHUAAAARAAgAAMO9S9gAAAABABgA6etXALzWJgAMA04AC9/aAAvfhQAAeWsAAgBUTWFjaW50b3NoIEhEOlVzZXJzOmRlbm5pc2V2YW5nZWxpc3RhOkRvY3VtZW50czpQYXBlcnM6MjAwODpEaWFsOk5hdHVyZSAyMDA4IERpYWwucGRmAA4AKgAUAE4AYQB0AHUAcgBlACAAMgAwADAAOAAgAEQAaQBhAGwALgBwAGQAZgAPABoADABNAGEAYwBpAG4AdABvAHMAaAAgAEgARAASAEdVc2Vycy9kZW5uaXNldmFuZ2VsaXN0YS9Eb2N1bWVudHMvUGFwZXJzLzIwMDgvRGlhbC9OYXR1cmUgMjAwOCBEaWFsLnBkZgAAEwABLwAAFQACABj//wAAgAXSHB0eH1gkY2xhc3Nlc1okY2xhc3NuYW1lox8gIV1OU011dGFibGVEYXRhVk5TRGF0YVhOU09iamVjdF8QNS4uLy4uL0RvY3VtZW50cy9QYXBlcnMvMjAwOC9EaWFsL05hdHVyZSAyMDA4IERpYWwucGRm0hwdJCWiJSFcTlNEaWN0aW9uYXJ5EgABhqBfEA9OU0tleWVkQXJjaGl2ZXIACAARABYAHwAoADIANQA6ADwARQBLAFIAXQBlAGwAbwBxAHMAdgB4AHoAfACGAJMAmACgAnYCeAJ9AoYCkQKVAqMCqgKzAusC8ALzAwADBQAAAAAAAAIBAAAAAAAAACgAAAAAAAAAAAAAAAAAAAMX},
	Bdsk-Url-1 = {http://dx.doi.org/10.1038/nature06517}}

@article{Dial:2003,
	Abstract = {Flapping wings of galliform birds are routinely used to produce aerodynamic forces oriented toward the substrate to enhance hindlimb traction. Here, I document this behavior in natural and laboratory settings. Adult birds },
	Author = {Kenneth P Dial},
	Date-Added = {2010-04-21 13:26:45 -0700},
	Date-Modified = {2010-04-21 13:26:45 -0700},
	Journal = {Science},
	Local-Url = {file://localhost/Users/dennisevangelista/Documents/Papers/2003/Dial/Science%202003%20Dial.pdf},
	Pages = {402},
	Pmid = {17160573404356396218related:usStNJeaJu4J},
	Rating = {5},
	Title = {Wing-Assisted Incline Running and the Evolution of Flight},
	Uri = {papers://7745578F-AF22-43C6-9381-71DCABA46510/Paper/p2351},
	Url = {http://www.sciencemag.org/cgi/content/abstract/299/5605/402},
	Volume = {299},
	Year = {2003},
	Bdsk-File-1 = {YnBsaXN0MDDUAQIDBAUIJidUJHRvcFgkb2JqZWN0c1gkdmVyc2lvblkkYXJjaGl2ZXLRBgdUcm9vdIABqAkKFRYXGyIjVSRudWxs0wsMDQ4RFFpOUy5vYmplY3RzV05TLmtleXNWJGNsYXNzog8QgASABqISE4ACgAOAB1lhbGlhc0RhdGFccmVsYXRpdmVQYXRo0hgNGRpXTlMuZGF0YU8RAdYAAAAAAdYAAgAADE1hY2ludG9zaCBIRAAAAAAAAAAAAAAAAAAAAMNhm/VIKwAAAAwIlhVTY2llbmNlIDIwMDMgRGlhbC5wZGYAAAAAAAAAAAAAAAAAAAAAAAAAAAAAAAAAAAAAAAAAAAAAAAAAAAAAAAAADAiXw2mtKAAAAAAAAAAAAAIABQAACSAAAAAAAAAAAAAAAAAAAAAERElBTAAQAAgAAMNiDHUAAAARAAgAAMNqHagAAAABABgADAiWAAwIXQAMA04AC9/aAAvfhQAAeWsAAgBVTWFjaW50b3NoIEhEOlVzZXJzOmRlbm5pc2V2YW5nZWxpc3RhOkRvY3VtZW50czpQYXBlcnM6MjAwMzpESUFMOlNjaWVuY2UgMjAwMyBEaWFsLnBkZgAADgAsABUAUwBjAGkAZQBuAGMAZQAgADIAMAAwADMAIABEAGkAYQBsAC4AcABkAGYADwAaAAwATQBhAGMAaQBuAHQAbwBzAGgAIABIAEQAEgBIVXNlcnMvZGVubmlzZXZhbmdlbGlzdGEvRG9jdW1lbnRzL1BhcGVycy8yMDAzL0RpYWwvU2NpZW5jZSAyMDAzIERpYWwucGRmABMAAS8AABUAAgAY//8AAIAF0hwdHh9YJGNsYXNzZXNaJGNsYXNzbmFtZaMfICFdTlNNdXRhYmxlRGF0YVZOU0RhdGFYTlNPYmplY3RfEDYuLi8uLi9Eb2N1bWVudHMvUGFwZXJzLzIwMDMvRGlhbC9TY2llbmNlIDIwMDMgRGlhbC5wZGbSHB0kJaIlIVxOU0RpY3Rpb25hcnkSAAGGoF8QD05TS2V5ZWRBcmNoaXZlcgAIABEAFgAfACgAMgA1ADoAPABFAEsAUgBdAGUAbABvAHEAcwB2AHgAegB8AIYAkwCYAKACegJ8AoECigKVApkCpwKuArcC8AL1AvgDBQMKAAAAAAAAAgEAAAAAAAAAKAAAAAAAAAAAAAAAAAAAAxw=},
	Bdsk-Url-1 = {http://www.sciencemag.org/cgi/content/abstract/299/5605/402}}

@article{Essner:2002,
	Author = {Essner, R. L.},
	Date-Added = {2010-04-21 13:26:45 -0700},
	Date-Modified = {2010-04-21 13:26:45 -0700},
	Journal = {J. exp. Biol.},
	Pages = {2469-2477},
	Title = {Three-dimensional launch kinematics in leaping, parachuting and gliding squirrels},
	Volume = {205},
	Year = {2002},
	Bdsk-File-1 = {YnBsaXN0MDDUAQIDBAUIJidUJHRvcFgkb2JqZWN0c1gkdmVyc2lvblkkYXJjaGl2ZXLRBgdUcm9vdIABqAkKFRYXGyIjVSRudWxs0wsMDQ4RFFpOUy5vYmplY3RzV05TLmtleXNWJGNsYXNzog8QgASABqISE4ACgAOAB1lhbGlhc0RhdGFccmVsYXRpdmVQYXRo0hgNGRpXTlMuZGF0YU8RAfwAAAAAAfwAAgAADE1hY2ludG9zaCBIRAAAAAAAAAAAAAAAAAAAAMNhm/VIKwAAEn7o/x1KLiBFeHAuIEJpb2wuIDIwMDIgRXNzbmVyLnBkZgAAAAAAAAAAAAAAAAAAAAAAAAAAAAAAAAAAAAAAAAAAAAASfukAx+DI7QAAAAAAAAAAAAIABQAACSAAAAAAAAAAAAAAAAAAAAAGRXNzbmVyABAACAAAw2IMdQAAABEACAAAx+ErXQAAAAEAGBJ+6P8ADAdvAAwDTgAL39oAC9+FAAB5awACAF9NYWNpbnRvc2ggSEQ6VXNlcnM6ZGVubmlzZXZhbmdlbGlzdGE6RG9jdW1lbnRzOlBhcGVyczoyMDAyOkVzc25lcjpKLiBFeHAuIEJpb2wuIDIwMDIgRXNzbmVyLnBkZgAADgA8AB0ASgAuACAARQB4AHAALgAgAEIAaQBvAGwALgAgADIAMAAwADIAIABFAHMAcwBuAGUAcgAuAHAAZABmAA8AGgAMAE0AYQBjAGkAbgB0AG8AcwBoACAASABEABIAUlVzZXJzL2Rlbm5pc2V2YW5nZWxpc3RhL0RvY3VtZW50cy9QYXBlcnMvMjAwMi9Fc3NuZXIvSi4gRXhwLiBCaW9sLiAyMDAyIEVzc25lci5wZGYAEwABLwAAFQACABj//wAAgAXSHB0eH1gkY2xhc3Nlc1okY2xhc3NuYW1lox8gIV1OU011dGFibGVEYXRhVk5TRGF0YVhOU09iamVjdF8QQC4uLy4uL0RvY3VtZW50cy9QYXBlcnMvMjAwMi9Fc3NuZXIvSi4gRXhwLiBCaW9sLiAyMDAyIEVzc25lci5wZGbSHB0kJaIlIVxOU0RpY3Rpb25hcnkSAAGGoF8QD05TS2V5ZWRBcmNoaXZlcgAIABEAFgAfACgAMgA1ADoAPABFAEsAUgBdAGUAbABvAHEAcwB2AHgAegB8AIYAkwCYAKACoAKiAqcCsAK7Ar8CzQLUAt0DIAMlAygDNQM6AAAAAAAAAgEAAAAAAAAAKAAAAAAAAAAAAAAAAAAAA0w=},
	Bdsk-Url-1 = {http://www.google.com/search?client=safari&rls=en-us&q=Three-dimensional+launch+kinematics+in+leaping,+parachuting+and+gliding+squirrels&ie=UTF-8&oe=UTF-8}}

@article{Evans:1994,
	Author = {Evans, M. R. and Martins, T. L. F. and Haley, M.},
	Date-Added = {2010-04-21 13:26:45 -0700},
	Date-Modified = {2010-04-21 13:26:45 -0700},
	Journal = {Proceedings of the Royal Society of London, B},
	Number = {1345},
	Pages = {97-103},
	Title = {The asymmetrical cost of tail elongation in {R}ed-billed {S}treamertails},
	Volume = {256},
	Year = {1994},
	Bdsk-File-1 = {YnBsaXN0MDDUAQIDBAUIJidUJHRvcFgkb2JqZWN0c1gkdmVyc2lvblkkYXJjaGl2ZXLRBgdUcm9vdIABqAkKFRYXGyIjVSRudWxs0wsMDQ4RFFpOUy5vYmplY3RzV05TLmtleXNWJGNsYXNzog8QgASABqISE4ACgAOAB1lhbGlhc0RhdGFccmVsYXRpdmVQYXRo0hgNGRpXTlMuZGF0YU8RAi4AAAAAAi4AAgAADE1hY2ludG9zaCBIRAAAAAAAAAAAAAAAAAAAAMNhm/VIKwAAEn7pJB9Qcm9jZWVkaW5ncyBCaW9sb2cjMTI3RUU5MTEucGRmAAAAAAAAAAAAAAAAAAAAAAAAAAAAAAAAAAAAAAAAAAASfukRx+DJEwAAAAAAAAAAAAIABQAACSAAAAAAAAAAAAAAAAAAAAAFRXZhbnMAABAACAAAw2IMdQAAABEACAAAx+ErgwAAAAEAGBJ+6SQADAUyAAwDTgAL39oAC9+FAAB5awACAGBNYWNpbnRvc2ggSEQ6VXNlcnM6ZGVubmlzZXZhbmdlbGlzdGE6RG9jdW1lbnRzOlBhcGVyczoxOTk0OkV2YW5zOlByb2NlZWRpbmdzIEJpb2xvZyMxMjdFRTkxMS5wZGYADgBeAC4AUAByAG8AYwBlAGUAZABpAG4AZwBzACAAQgBpAG8AbABvAGcAaQBjAGEAbAAgAFMAYwBpAGUAbgBjAGUAcwAgADEAOQA5ADQAIABFAHYAYQBuAHMALgBwAGQAZgAPABoADABNAGEAYwBpAG4AdABvAHMAaAAgAEgARAASAGJVc2Vycy9kZW5uaXNldmFuZ2VsaXN0YS9Eb2N1bWVudHMvUGFwZXJzLzE5OTQvRXZhbnMvUHJvY2VlZGluZ3MgQmlvbG9naWNhbCBTY2llbmNlcyAxOTk0IEV2YW5zLnBkZgATAAEvAAAVAAIAGP//AACABdIcHR4fWCRjbGFzc2VzWiRjbGFzc25hbWWjHyAhXU5TTXV0YWJsZURhdGFWTlNEYXRhWE5TT2JqZWN0XxBQLi4vLi4vRG9jdW1lbnRzL1BhcGVycy8xOTk0L0V2YW5zL1Byb2NlZWRpbmdzIEJpb2xvZ2ljYWwgU2NpZW5jZXMgMTk5NCBFdmFucy5wZGbSHB0kJaIlIVxOU0RpY3Rpb25hcnkSAAGGoF8QD05TS2V5ZWRBcmNoaXZlcgAIABEAFgAfACgAMgA1ADoAPABFAEsAUgBdAGUAbABvAHEAcwB2AHgAegB8AIYAkwCYAKAC0gLUAtkC4gLtAvEC/wMGAw8DYgNnA2oDdwN8AAAAAAAAAgEAAAAAAAAAKAAAAAAAAAAAAAAAAAAAA44=}}

@article{Evans:1992,
	Author = {Evans, M. R. and Hatchwell, B. J.},
	Date-Added = {2010-04-21 13:26:45 -0700},
	Date-Modified = {2010-04-21 13:26:45 -0700},
	Journal = {Behavioral and Ecological Sociobiology},
	Pages = {421-427},
	Title = {An experimental study of male adornment in the scarlet-tufted malachite sunbird: {II}. {T}he role of the elongated tail in mate choice and experimental evidence for a handicap.},
	Volume = {29},
	Year = {1992},
	Bdsk-File-1 = {YnBsaXN0MDDUAQIDBAUIJidUJHRvcFgkb2JqZWN0c1gkdmVyc2lvblkkYXJjaGl2ZXLRBgdUcm9vdIABqAkKFRYXGyIjVSRudWxs0wsMDQ4RFFpOUy5vYmplY3RzV05TLmtleXNWJGNsYXNzog8QgASABqISE4ACgAOAB1lhbGlhc0RhdGFccmVsYXRpdmVQYXRo0hgNGRpXTlMuZGF0YU8RAjoAAAAAAjoAAgAADE1hY2ludG9zaCBIRAAAAAAAAAAAAAAAAAAAAMNhm/VIKwAAEn7pOR9CZWhhdmlvcmFsIEVjb2xvZ3kjMTI3RUU5M0EucGRmAAAAAAAAAAAAAAAAAAAAAAAAAAAAAAAAAAAAAAAAAAASfuk6x+DJcwAAAAAAAAAAAAIABQAACSAAAAAAAAAAAAAAAAAAAAAFRXZhbnMAABAACAAAw2IMdQAAABEACAAAx+Er4wAAAAEAGBJ+6TkADAULAAwDTgAL39oAC9+FAAB5awACAGBNYWNpbnRvc2ggSEQ6VXNlcnM6ZGVubmlzZXZhbmdlbGlzdGE6RG9jdW1lbnRzOlBhcGVyczoxOTkyOkV2YW5zOkJlaGF2aW9yYWwgRWNvbG9neSMxMjdFRTkzQS5wZGYADgBmADIAQgBlAGgAYQB2AGkAbwByAGEAbAAgAEUAYwBvAGwAbwBnAHkAIABhAG4AZAAgAFMAbwBjAGkAbwBiAGkAbwBsAG8AZwB5ACAAMQA5ADkAMgAgAEUAdgBhAG4AcwAuAHAAZABmAA8AGgAMAE0AYQBjAGkAbgB0AG8AcwBoACAASABEABIAZlVzZXJzL2Rlbm5pc2V2YW5nZWxpc3RhL0RvY3VtZW50cy9QYXBlcnMvMTk5Mi9FdmFucy9CZWhhdmlvcmFsIEVjb2xvZ3kgYW5kIFNvY2lvYmlvbG9neSAxOTkyIEV2YW5zLnBkZgATAAEvAAAVAAIAGP//AACABdIcHR4fWCRjbGFzc2VzWiRjbGFzc25hbWWjHyAhXU5TTXV0YWJsZURhdGFWTlNEYXRhWE5TT2JqZWN0XxBULi4vLi4vRG9jdW1lbnRzL1BhcGVycy8xOTkyL0V2YW5zL0JlaGF2aW9yYWwgRWNvbG9neSBhbmQgU29jaW9iaW9sb2d5IDE5OTIgRXZhbnMucGRm0hwdJCWiJSFcTlNEaWN0aW9uYXJ5EgABhqBfEA9OU0tleWVkQXJjaGl2ZXIACAARABYAHwAoADIANQA6ADwARQBLAFIAXQBlAGwAbwBxAHMAdgB4AHoAfACGAJMAmACgAt4C4ALlAu4C+QL9AwsDEgMbA3IDdwN6A4cDjAAAAAAAAAIBAAAAAAAAACgAAAAAAAAAAAAAAAAAAAOe},
	Bdsk-Url-1 = {http://www.google.com/search?client=safari&rls=en-us&q=An+experimental+study+of+male+adornment+in+the+scarlet-tufted+malachite+sunbird:+II.+The+role+of+the+elongated+tail+in+mate+choice+and+experimental+evidence+for+a+handicap.&ie=UTF-8&oe=UTF-8}}

@article{Hedrick:2007,
	Abstract = {Maneuvering flight has long been recognized as an important component of the natural behavior of many bird species, but has been the subject of little experimental work. Here we examine the kinematics and neuromuscular control of turning flight in the rose-breasted cockatoo Eolophus roseicapillus (N=6), testing predictions of maneuvering flight and control based on aerodynamic theory and prior kinematic and neuromuscular studies. Six cockatoos were trained to navigate between two perches placed in an L-shaped flight corridor, making a 90 degrees turn midway through each flight. Flights were recorded with three synchronized high-speed video cameras placed outside the corridor, allowing a three-dimensional reconstruction of wing and body kinematics through the turn. We simultaneously collected electromyography recordings from bilateral implants in the pectoralis, supracoracoideus, biceps brachii and extensor metacarpi radialis muscles. The cockatoos maneuvered using flapping, banked turns with an average turn radius of 0.92 m. The mean rate of change in heading during a complete wingbeat varied through the turn and was significantly correlated to roll angle at mid-downstroke. Changes in roll angle were found to include both within-wingbeat and among-wingbeat components that bear no direct relationship to one another. Within-wingbeat changes in roll were dominated by the inertial effects while among-wingbeat changes in roll were likely the result of both inertial and aerodynamic effects.},
	Affiliation = {Department of Biology, CB 3280 Coker Hall, University of North Carolina, Chapel Hill, NC 27599-3280, USA.},
	Author = {Tyson L Hedrick and Andrew A Biewener},
	Date-Added = {2010-04-21 13:26:45 -0700},
	Date-Modified = {2010-04-21 13:26:45 -0700},
	Doi = {10.1242/jeb.002055},
	Journal = {J. Exp. Biol.},
	Language = {English},
	Local-Url = {file://localhost/Users/dennisevangelista/Documents/Papers/2007/Hedrick/J.%20Exp.%20Biol.%202007%20Hedrick.pdf},
	Month = {Jun},
	Number = {Pt 11},
	Pages = {1897--911},
	Pii = {210/11/1897},
	Pmid = {17515416},
	Rating = {5},
	Read = {Yes},
	Title = {Low speed maneuvering flight of the rose-breasted cockatoo (\emph{{E}olophus roseicapillus})},
	Uri = {papers://7745578F-AF22-43C6-9381-71DCABA46510/Paper/p571},
	Volume = {210},
	Year = {2007},
	Bdsk-File-1 = {YnBsaXN0MDDUAQIDBAUIJidUJHRvcFgkb2JqZWN0c1gkdmVyc2lvblkkYXJjaGl2ZXLRBgdUcm9vdIABqAkKFRYXGyIjVSRudWxs0wsMDQ4RFFpOUy5vYmplY3RzV05TLmtleXNWJGNsYXNzog8QgASABqISE4ACgAOAB1lhbGlhc0RhdGFccmVsYXRpdmVQYXRo0hgNGRpXTlMuZGF0YU8RAgQAAAAAAgQAAgAADE1hY2ludG9zaCBIRAAAAAAAAAAAAAAAAAAAAMNhm/VIKwAAA8bUwh5KLiBFeHAuIEJpb2wuIDIwMDcgSGVkcmljay5wZGYAAAAAAAAAAAAAAAAAAAAAAAAAAAAAAAAAAAAAAAAAAAAADA7zwndQiQAAAAAAAAAAAAIABQAACSAAAAAAAAAAAAAAAAAAAAAHSGVkcmljawAAEAAIAADDYgx1AAAAEQAIAADCd7L5AAAAAQAYA8bUwgAMDj0ADANOAAvf2gAL34UAAHlrAAIAYU1hY2ludG9zaCBIRDpVc2VyczpkZW5uaXNldmFuZ2VsaXN0YTpEb2N1bWVudHM6UGFwZXJzOjIwMDc6SGVkcmljazpKLiBFeHAuIEJpb2wuIDIwMDcgSGVkcmljay5wZGYAAA4APgAeAEoALgAgAEUAeABwAC4AIABCAGkAbwBsAC4AIAAyADAAMAA3ACAASABlAGQAcgBpAGMAawAuAHAAZABmAA8AGgAMAE0AYQBjAGkAbgB0AG8AcwBoACAASABEABIAVFVzZXJzL2Rlbm5pc2V2YW5nZWxpc3RhL0RvY3VtZW50cy9QYXBlcnMvMjAwNy9IZWRyaWNrL0ouIEV4cC4gQmlvbC4gMjAwNyBIZWRyaWNrLnBkZgATAAEvAAAVAAIAGP//AACABdIcHR4fWCRjbGFzc2VzWiRjbGFzc25hbWWjHyAhXU5TTXV0YWJsZURhdGFWTlNEYXRhWE5TT2JqZWN0XxBCLi4vLi4vRG9jdW1lbnRzL1BhcGVycy8yMDA3L0hlZHJpY2svSi4gRXhwLiBCaW9sLiAyMDA3IEhlZHJpY2sucGRm0hwdJCWiJSFcTlNEaWN0aW9uYXJ5EgABhqBfEA9OU0tleWVkQXJjaGl2ZXIACAARABYAHwAoADIANQA6ADwARQBLAFIAXQBlAGwAbwBxAHMAdgB4AHoAfACGAJMAmACgAqgCqgKvArgCwwLHAtUC3ALlAyoDLwMyAz8DRAAAAAAAAAIBAAAAAAAAACgAAAAAAAAAAAAAAAAAAANW},
	Bdsk-Url-1 = {http://dx.doi.org/10.1242/jeb.002055}}

@book{Heinrichs:2009,
	Address = {Minneapolis, MN},
	Author = {Heinrichs, Christine},
	Date-Added = {2010-04-21 13:26:45 -0700},
	Date-Modified = {2010-04-21 13:26:45 -0700},
	Publisher = {Voyageur Press},
	Title = {How to Raise Poultry},
	Year = {2009}}

@book{Holderread:2001,
	Author = {David Holderread},
	Date-Added = {2010-04-21 13:26:45 -0700},
	Date-Modified = {2010-04-21 13:26:45 -0700},
	Publisher = {Storey Publishing},
	Title = {Storey's Guide to Raising Ducks},
	Year = {2001}}

@article{Jusufi:2008,
	Author = {Ardian Jusufi and Daniel I Goldman and Shai Revzen and Robert J Full},
	Date-Added = {2010-04-21 13:26:45 -0700},
	Date-Modified = {2010-04-21 13:26:45 -0700},
	Journal = {PNAS},
	Local-Url = {file://localhost/Users/dennisevangelista/Documents/Papers/2008/Jusufi/PNAS%202008%20Jusufi.pdf},
	Month = {Mar},
	Number = {11},
	Pages = {4215--4219},
	Rating = {4},
	Title = {Active tails enhance arboreal acrobatics in geckos},
	Uri = {papers://7745578F-AF22-43C6-9381-71DCABA46510/Paper/p2983},
	Volume = {105},
	Year = {2008},
	Bdsk-File-1 = {YnBsaXN0MDDUAQIDBAUIJidUJHRvcFgkb2JqZWN0c1gkdmVyc2lvblkkYXJjaGl2ZXLRBgdUcm9vdIABqAkKFRYXGyIjVSRudWxs0wsMDQ4RFFpOUy5vYmplY3RzV05TLmtleXNWJGNsYXNzog8QgASABqISE4ACgAOAB1lhbGlhc0RhdGFccmVsYXRpdmVQYXRo0hgNGRpXTlMuZGF0YU8RAdgAAAAAAdgAAgAADE1hY2ludG9zaCBIRAAAAAAAAAAAAAAAAAAAAMNhm/VIKwAAAqmh+BRQTkFTIDIwMDggSnVzdWZpLnBkZgAAAAAAAAAAAAAAAAAAAAAAAAAAAAAAAAAAAAAAAAAAAAAAAAAAAAAAAAACl82sxAVIpQAAAAAAAAAAAAIABQAACSAAAAAAAAAAAAAAAAAAAAAGSnVzdWZpABAACAAAw2IMdQAAABEACAAAxAWrFQAAAAEAGAKpofgAvNYmAAwDTgAL39oAC9+FAAB5awACAFZNYWNpbnRvc2ggSEQ6VXNlcnM6ZGVubmlzZXZhbmdlbGlzdGE6RG9jdW1lbnRzOlBhcGVyczoyMDA4Okp1c3VmaTpQTkFTIDIwMDggSnVzdWZpLnBkZgAOACoAFABQAE4AQQBTACAAMgAwADAAOAAgAEoAdQBzAHUAZgBpAC4AcABkAGYADwAaAAwATQBhAGMAaQBuAHQAbwBzAGgAIABIAEQAEgBJVXNlcnMvZGVubmlzZXZhbmdlbGlzdGEvRG9jdW1lbnRzL1BhcGVycy8yMDA4L0p1c3VmaS9QTkFTIDIwMDggSnVzdWZpLnBkZgAAEwABLwAAFQACABj//wAAgAXSHB0eH1gkY2xhc3Nlc1okY2xhc3NuYW1lox8gIV1OU011dGFibGVEYXRhVk5TRGF0YVhOU09iamVjdF8QNy4uLy4uL0RvY3VtZW50cy9QYXBlcnMvMjAwOC9KdXN1ZmkvUE5BUyAyMDA4IEp1c3VmaS5wZGbSHB0kJaIlIVxOU0RpY3Rpb25hcnkSAAGGoF8QD05TS2V5ZWRBcmNoaXZlcgAIABEAFgAfACgAMgA1ADoAPABFAEsAUgBdAGUAbABvAHEAcwB2AHgAegB8AIYAkwCYAKACfAJ+AoMCjAKXApsCqQKwArkC8wL4AvsDCAMNAAAAAAAAAgEAAAAAAAAAKAAAAAAAAAAAAAAAAAAAAx8=}}

@article{Lippincott:1920,
	Author = {Lippincott, W.},
	Date-Added = {2010-04-21 13:26:45 -0700},
	Date-Modified = {2010-04-21 13:26:45 -0700},
	Journal = {Am. Nat.},
	Number = {635},
	Pages = {535-539},
	Title = {Note on the ``pelvic wing'' in poultry},
	Volume = {54},
	Year = {1920},
	Bdsk-File-1 = {YnBsaXN0MDDUAQIDBAUIJidUJHRvcFgkb2JqZWN0c1gkdmVyc2lvblkkYXJjaGl2ZXLRBgdUcm9vdIABqAkKFRYXGyIjVSRudWxs0wsMDQ4RFFpOUy5vYmplY3RzV05TLmtleXNWJGNsYXNzog8QgASABqISE4ACgAOAB1lhbGlhc0RhdGFccmVsYXRpdmVQYXRo0hgNGRpXTlMuZGF0YU8RAfwAAAAAAfwAAgAADE1hY2ludG9zaCBIRAAAAAAAAAAAAAAAAAAAAMNhm/VIKwAAEn7peBpBbSBOYXQgMTkyMCBMaXBwaW5jb3R0LnBkZgAAAAAAAAAAAAAAAAAAAAAAAAAAAAAAAAAAAAAAAAAAAAAAAAASYhIdx6MHglBERiBDQVJPAAIABQAACSAAAAAAAAAAAAAAAAAAAAAKTGlwcGluY290dAAQAAgAAMNiDHUAAAARAAgAAMejeAIAAAABABgSful4En7pdwAMA04AC9/aAAvfhQAAeWsAAgBgTWFjaW50b3NoIEhEOlVzZXJzOmRlbm5pc2V2YW5nZWxpc3RhOkRvY3VtZW50czpQYXBlcnM6MTkyMDpMaXBwaW5jb3R0OkFtIE5hdCAxOTIwIExpcHBpbmNvdHQucGRmAA4ANgAaAEEAbQAgAE4AYQB0ACAAMQA5ADIAMAAgAEwAaQBwAHAAaQBuAGMAbwB0AHQALgBwAGQAZgAPABoADABNAGEAYwBpAG4AdABvAHMAaAAgAEgARAASAFNVc2Vycy9kZW5uaXNldmFuZ2VsaXN0YS9Eb2N1bWVudHMvUGFwZXJzLzE5MjAvTGlwcGluY290dC9BbSBOYXQgMTkyMCBMaXBwaW5jb3R0LnBkZgAAEwABLwAAFQACABj//wAAgAXSHB0eH1gkY2xhc3Nlc1okY2xhc3NuYW1lox8gIV1OU011dGFibGVEYXRhVk5TRGF0YVhOU09iamVjdF8QQS4uLy4uL0RvY3VtZW50cy9QYXBlcnMvMTkyMC9MaXBwaW5jb3R0L0FtIE5hdCAxOTIwIExpcHBpbmNvdHQucGRm0hwdJCWiJSFcTlNEaWN0aW9uYXJ5EgABhqBfEA9OU0tleWVkQXJjaGl2ZXIACAARABYAHwAoADIANQA6ADwARQBLAFIAXQBlAGwAbwBxAHMAdgB4AHoAfACGAJMAmACgAqACogKnArACuwK/As0C1ALdAyEDJgMpAzYDOwAAAAAAAAIBAAAAAAAAACgAAAAAAAAAAAAAAAAAAANN}}

@phdthesis{McGuire:1998,
	Author = {McGuire, J. A.},
	Date-Added = {2010-04-21 13:26:45 -0700},
	Date-Modified = {2010-04-21 13:26:45 -0700},
	School = {University of Texas, Austin},
	Title = {Phylogenetic systematics, scaling relationships, and the evolution of gliding performance in flying lizards (genus \emph{{D}raco})},
	Year = {1998}}

@book{Otoole:2003,
	Address = {Stevensville, MT},
	Author = {Richard O'Toole},
	Date-Added = {2010-04-21 13:26:45 -0700},
	Date-Modified = {2010-04-21 13:26:45 -0700},
	Keywords = {chukar, hunting},
	Publisher = {Stoneydale Press},
	Title = {Hunting Chukar: A no-nonsense guide to the successful pursuit of the west's most elusive game bird},
	Year = {2003}}

@article{Socha:2002,
	Author = {Socha, J. J.},
	Date-Added = {2010-04-21 13:26:45 -0700},
	Date-Modified = {2010-04-21 13:26:45 -0700},
	Journal = {Nature},
	Pages = {603-604},
	Title = {Gliding flight in the paradise tree snake},
	Volume = {418},
	Year = {2002},
	Bdsk-File-1 = {YnBsaXN0MDDUAQIDBAUIJidUJHRvcFgkb2JqZWN0c1gkdmVyc2lvblkkYXJjaGl2ZXLRBgdUcm9vdIABqAkKFRYXGyIjVSRudWxs0wsMDQ4RFFpOUy5vYmplY3RzV05TLmtleXNWJGNsYXNzog8QgASABqISE4ACgAOAB1lhbGlhc0RhdGFccmVsYXRpdmVQYXRo0hgNGRpXTlMuZGF0YU8RAdoAAAAAAdoAAgAADE1hY2ludG9zaCBIRAAAAAAAAAAAAAAAAAAAAMNhm/VIKwAAEn7pYBVOYXR1cmUgMjAwMiBTb2NoYS5wZGYAAAAAAAAAAAAAAAAAAAAAAAAAAAAAAAAAAAAAAAAAAAAAAAAAAAAAAAASfulhx+DJ1gAAAAAAAAAAAAIABQAACSAAAAAAAAAAAAAAAAAAAAAFU29jaGEAABAACAAAw2IMdQAAABEACAAAx+EsRgAAAAEAGBJ+6WAADAdvAAwDTgAL39oAC9+FAAB5awACAFZNYWNpbnRvc2ggSEQ6VXNlcnM6ZGVubmlzZXZhbmdlbGlzdGE6RG9jdW1lbnRzOlBhcGVyczoyMDAyOlNvY2hhOk5hdHVyZSAyMDAyIFNvY2hhLnBkZgAOACwAFQBOAGEAdAB1AHIAZQAgADIAMAAwADIAIABTAG8AYwBoAGEALgBwAGQAZgAPABoADABNAGEAYwBpAG4AdABvAHMAaAAgAEgARAASAElVc2Vycy9kZW5uaXNldmFuZ2VsaXN0YS9Eb2N1bWVudHMvUGFwZXJzLzIwMDIvU29jaGEvTmF0dXJlIDIwMDIgU29jaGEucGRmAAATAAEvAAAVAAIAGP//AACABdIcHR4fWCRjbGFzc2VzWiRjbGFzc25hbWWjHyAhXU5TTXV0YWJsZURhdGFWTlNEYXRhWE5TT2JqZWN0XxA3Li4vLi4vRG9jdW1lbnRzL1BhcGVycy8yMDAyL1NvY2hhL05hdHVyZSAyMDAyIFNvY2hhLnBkZtIcHSQloiUhXE5TRGljdGlvbmFyeRIAAYagXxAPTlNLZXllZEFyY2hpdmVyAAgAEQAWAB8AKAAyADUAOgA8AEUASwBSAF0AZQBsAG8AcQBzAHYAeAB6AHwAhgCTAJgAoAJ+AoAChQKOApkCnQKrArICuwL1AvoC/QMKAw8AAAAAAAACAQAAAAAAAAAoAAAAAAAAAAAAAAAAAAADIQ==},
	Bdsk-Url-1 = {http://www.google.com/search?client=safari&rls=en-us&q=Gliding+flight+in+the+paradise+tree+snake&ie=UTF-8&oe=UTF-8}}

@article{Thomas:1997,
	Author = {Thomas, A. L. R.},
	Date-Added = {2010-04-21 13:26:45 -0700},
	Date-Modified = {2010-04-21 13:26:45 -0700},
	Journal = {Bioscience},
	Pages = {215-225},
	Title = {On the tails of birds},
	Volume = {47},
	Year = {1997},
	Bdsk-File-1 = {YnBsaXN0MDDUAQIDBAUIJidUJHRvcFgkb2JqZWN0c1gkdmVyc2lvblkkYXJjaGl2ZXLRBgdUcm9vdIABqAkKFRYXGyIjVSRudWxs0wsMDQ4RFFpOUy5vYmplY3RzV05TLmtleXNWJGNsYXNzog8QgASABqISE4ACgAOAB1lhbGlhc0RhdGFccmVsYXRpdmVQYXRo0hgNGRpXTlMuZGF0YU8RAfAAAAAAAfAAAgAADE1hY2ludG9zaCBIRAAAAAAAAAAAAAAAAAAAAMNhm/VIKwAAEn7pUhpCaW9TY2llbmNlIDE5OTcgVGhvbWFzLnBkZgAAAAAAAAAAAAAAAAAAAAAAAAAAAAAAAAAAAAAAAAAAAAAAAAASfulTx+DJuwAAAAAAAAAAAAIABQAACSAAAAAAAAAAAAAAAAAAAAAGVGhvbWFzABAACAAAw2IMdQAAABEACAAAx+EsKwAAAAEAGBJ+6VIADAV3AAwDTgAL39oAC9+FAAB5awACAFxNYWNpbnRvc2ggSEQ6VXNlcnM6ZGVubmlzZXZhbmdlbGlzdGE6RG9jdW1lbnRzOlBhcGVyczoxOTk3OlRob21hczpCaW9TY2llbmNlIDE5OTcgVGhvbWFzLnBkZgAOADYAGgBCAGkAbwBTAGMAaQBlAG4AYwBlACAAMQA5ADkANwAgAFQAaABvAG0AYQBzAC4AcABkAGYADwAaAAwATQBhAGMAaQBuAHQAbwBzAGgAIABIAEQAEgBPVXNlcnMvZGVubmlzZXZhbmdlbGlzdGEvRG9jdW1lbnRzL1BhcGVycy8xOTk3L1Rob21hcy9CaW9TY2llbmNlIDE5OTcgVGhvbWFzLnBkZgAAEwABLwAAFQACABj//wAAgAXSHB0eH1gkY2xhc3Nlc1okY2xhc3NuYW1lox8gIV1OU011dGFibGVEYXRhVk5TRGF0YVhOU09iamVjdF8QPS4uLy4uL0RvY3VtZW50cy9QYXBlcnMvMTk5Ny9UaG9tYXMvQmlvU2NpZW5jZSAxOTk3IFRob21hcy5wZGbSHB0kJaIlIVxOU0RpY3Rpb25hcnkSAAGGoF8QD05TS2V5ZWRBcmNoaXZlcgAIABEAFgAfACgAMgA1ADoAPABFAEsAUgBdAGUAbABvAHEAcwB2AHgAegB8AIYAkwCYAKAClAKWApsCpAKvArMCwQLIAtEDEQMWAxkDJgMrAAAAAAAAAgEAAAAAAAAAKAAAAAAAAAAAAAAAAAAAAz0=},
	Bdsk-Url-1 = {http://www.google.com/search?client=safari&rls=en-us&q=On+the+tails+of+birds&ie=UTF-8&oe=UTF-8}}

@article{Thomas:1993,
	Author = {ALR Thomas},
	Date-Added = {2010-04-21 13:26:45 -0700},
	Date-Modified = {2010-04-21 13:26:45 -0700},
	Journal = {Phil. Trans. R. Soc. Lond. B},
	Local-Url = {file://localhost/Users/dennisevangelista/Documents/Papers/1993/Thomas/Phil.%20Trans.%20R.%20Soc.%20Lond.%20B%201993%20Thomas.pdf},
	Number = {1294},
	Pages = {361--380},
	Pmid = {2022981543276628741related:Bcss0v4SExwJ},
	Rating = {0},
	Title = {On the Aerodynamics of Birds' Tails},
	Uri = {papers://7745578F-AF22-43C6-9381-71DCABA46510/Paper/p4476},
	Volume = {340},
	Year = {1993},
	Bdsk-File-1 = {YnBsaXN0MDDUAQIDBAUIJidUJHRvcFgkb2JqZWN0c1gkdmVyc2lvblkkYXJjaGl2ZXLRBgdUcm9vdIABqAkKFRYXGyIjVSRudWxs0wsMDQ4RFFpOUy5vYmplY3RzV05TLmtleXNWJGNsYXNzog8QgASABqISE4ACgAOAB1lhbGlhc0RhdGFccmVsYXRpdmVQYXRo0hgNGRpXTlMuZGF0YU8RAggAAAAAAggAAgAADE1hY2ludG9zaCBIRAAAAAAAAAAAAAAAAAAAAMNhm/VIKwAAA1epyB9QaGlsb3MgVCBSIFNvYyBCIDE5IzM0QTRGQjEucGRmAAAAAAAAAAAAAAAAAAAAAAAAAAAAAAAAAAAAAAAAAAADSk+xxGXJgAAAAAAAAAAAAAIABQAACSAAAAAAAAAAAAAAAAAAAAAGVGhvbWFzABAACAAAw2IMdQAAABEACAAAxGYr8AAAAAEAGANXqcgADAUfAAwDTgAL39oAC9+FAAB5awACAGFNYWNpbnRvc2ggSEQ6VXNlcnM6ZGVubmlzZXZhbmdlbGlzdGE6RG9jdW1lbnRzOlBhcGVyczoxOTkzOlRob21hczpQaGlsb3MgVCBSIFNvYyBCIDE5IzM0QTRGQjEucGRmAAAOAEIAIABQAGgAaQBsAG8AcwAgAFQAIABSACAAUwBvAGMAIABCACAAMQA5ADkAMwAgAFQAaABvAG0AYQBzAC4AcABkAGYADwAaAAwATQBhAGMAaQBuAHQAbwBzAGgAIABIAEQAEgBVVXNlcnMvZGVubmlzZXZhbmdlbGlzdGEvRG9jdW1lbnRzL1BhcGVycy8xOTkzL1Rob21hcy9QaGlsb3MgVCBSIFNvYyBCIDE5OTMgVGhvbWFzLnBkZgAAEwABLwAAFQACABj//wAAgAXSHB0eH1gkY2xhc3Nlc1okY2xhc3NuYW1lox8gIV1OU011dGFibGVEYXRhVk5TRGF0YVhOU09iamVjdF8QQy4uLy4uL0RvY3VtZW50cy9QYXBlcnMvMTk5My9UaG9tYXMvUGhpbG9zIFQgUiBTb2MgQiAxOTkzIFRob21hcy5wZGbSHB0kJaIlIVxOU0RpY3Rpb25hcnkSAAGGoF8QD05TS2V5ZWRBcmNoaXZlcgAIABEAFgAfACgAMgA1ADoAPABFAEsAUgBdAGUAbABvAHEAcwB2AHgAegB8AIYAkwCYAKACrAKuArMCvALHAssC2QLgAukDLwM0AzcDRANJAAAAAAAAAgEAAAAAAAAAKAAAAAAAAAAAAAAAAAAAA1s=}}

@book{Willis:2009,
	Address = {Hoboken, NJ},
	Author = {Willis, Kimberly and Ludlow, Rob},
	Date-Added = {2010-04-21 13:26:45 -0700},
	Date-Modified = {2010-04-21 13:26:45 -0700},
	Publisher = {Wiley Publishing Inc.},
	Title = {Raising Chickens for Dummies},
	Year = {2009}}

@phdthesis{Wischusen:1990,
	Author = {Wischusen, E. W.},
	Date-Added = {2010-04-21 13:26:45 -0700},
	Date-Modified = {2010-04-21 13:26:45 -0700},
	School = {Cornell University},
	Title = {Foraging ecology and natural history of the {P}hilippine Flying Lemur (\emph{{C}ynocephalus volans})},
	Year = {1990}}

@article{Wischusen:1989,
	Author = {Wischusen, E. W. and Richmond, M. E.},
	Date-Added = {2010-04-21 13:26:45 -0700},
	Date-Modified = {2010-04-21 13:26:45 -0700},
	Journal = {Malayan Nature Journal},
	Pages = {100-105},
	Title = {Techniques for capturing and marking {P}hilippine flying lemurs (\emph{{C}ynocephalus volans})},
	Volume = {43},
	Year = {1989}}

@article{Xing:2003,
	Author = {Xing, Xu and Zhonghe, Zhou and Xiaolin, Wang and Xuewen, Kuang and Fucheng, Zhang and Xiangke, Du},
	Date-Added = {2010-04-21 13:26:45 -0700},
	Date-Modified = {2010-04-21 13:26:45 -0700},
	Journal = {Nature},
	Local-Url = {file://localhost/Users/dennisevangelista/Documents/Papers/2003/Xu/Nature%202003%20Xu.pdf},
	Month = {Jan},
	Pages = {335},
	Rating = {5},
	Title = {Four-winged dinosaurs from {C}hina},
	Uri = {papers://7745578F-AF22-43C6-9381-71DCABA46510/Paper/p1939},
	Volume = {421},
	Year = {2003},
	Bdsk-File-1 = {YnBsaXN0MDDUAQIDBAUIJidUJHRvcFgkb2JqZWN0c1gkdmVyc2lvblkkYXJjaGl2ZXLRBgdUcm9vdIABqAkKFRYXGyIjVSRudWxs0wsMDQ4RFFpOUy5vYmplY3RzV05TLmtleXNWJGNsYXNzog8QgASABqISE4ACgAOAB1lhbGlhc0RhdGFccmVsYXRpdmVQYXRo0hgNGRpXTlMuZGF0YU8RAcQAAAAAAcQAAgAADE1hY2ludG9zaCBIRAAAAAAAAAAAAAAAAAAAAMNhm/VIKwAAEoMk+BJOYXR1cmUgMjAwMyBYdS5wZGYAAAAAAAAAAAAAAAAAAAAAAAAAAAAAAAAAAAAAAAAAAAAAAAAAAAAAAAAAAAAADAk+wxAqFgAAAAAAAAAAAAIABQAACSAAAAAAAAAAAAAAAAAAAAACWHUAEAAIAADDYgx1AAAAEQAIAADDEIyGAAAAAQAYEoMk+AAMCF0ADANOAAvf2gAL34UAAHlrAAIAUE1hY2ludG9zaCBIRDpVc2VyczpkZW5uaXNldmFuZ2VsaXN0YTpEb2N1bWVudHM6UGFwZXJzOjIwMDM6WHU6TmF0dXJlIDIwMDMgWHUucGRmAA4AJgASAE4AYQB0AHUAcgBlACAAMgAwADAAMwAgAFgAdQAuAHAAZABmAA8AGgAMAE0AYQBjAGkAbgB0AG8AcwBoACAASABEABIAQ1VzZXJzL2Rlbm5pc2V2YW5nZWxpc3RhL0RvY3VtZW50cy9QYXBlcnMvMjAwMy9YdS9OYXR1cmUgMjAwMyBYdS5wZGYAABMAAS8AABUAAgAY//8AAIAF0hwdHh9YJGNsYXNzZXNaJGNsYXNzbmFtZaMfICFdTlNNdXRhYmxlRGF0YVZOU0RhdGFYTlNPYmplY3RfEDEuLi8uLi9Eb2N1bWVudHMvUGFwZXJzLzIwMDMvWHUvTmF0dXJlIDIwMDMgWHUucGRm0hwdJCWiJSFcTlNEaWN0aW9uYXJ5EgABhqBfEA9OU0tleWVkQXJjaGl2ZXIACAARABYAHwAoADIANQA6ADwARQBLAFIAXQBlAGwAbwBxAHMAdgB4AHoAfACGAJMAmACgAmgCagJvAngCgwKHApUCnAKlAtkC3gLhAu4C8wAAAAAAAAIBAAAAAAAAACgAAAAAAAAAAAAAAAAAAAMF}}

@article{Yanoviak:2005,
	Author = {Stephen P Yanoviak and Robert A Dudley and M Kaspari},
	Date-Added = {2010-04-21 13:26:45 -0700},
	Date-Modified = {2010-04-21 13:26:45 -0700},
	Doi = {10.1038/nature03268},
	Journal = {Nature},
	Local-Url = {file://localhost/Users/dennisevangelista/Documents/Papers/2005/Yanoviak/Nature%202005%20Yanoviak.pdf},
	Month = {Feb},
	Number = {7026},
	Pages = {621--624},
	Rating = {0},
	Title = {Directed aerial descent in canopy ants},
	Uri = {papers://7745578F-AF22-43C6-9381-71DCABA46510/Paper/p3181},
	Volume = {433},
	Year = {2005},
	Bdsk-File-1 = {YnBsaXN0MDDUAQIDBAUIJidUJHRvcFgkb2JqZWN0c1gkdmVyc2lvblkkYXJjaGl2ZXLRBgdUcm9vdIABqAkKFRYXGyIjVSRudWxs0wsMDQ4RFFpOUy5vYmplY3RzV05TLmtleXNWJGNsYXNzog8QgASABqISE4ACgAOAB1lhbGlhc0RhdGFccmVsYXRpdmVQYXRo0hgNGRpXTlMuZGF0YU8RAe4AAAAAAe4AAgAADE1hY2ludG9zaCBIRAAAAAAAAAAAAAAAAAAAAMNhm/VIKwAAAzk3KxhOYXR1cmUgMjAwNSBZYW5vdmlhay5wZGYAAAAAAAAAAAAAAAAAAAAAAAAAAAAAAAAAAAAAAAAAAAAAAAAAAAADOTbKxCYrtQAAAAAAAAAAAAIABQAACSAAAAAAAAAAAAAAAAAAAAAIWWFub3ZpYWsAEAAIAADDYgx1AAAAEQAIAADEJo4lAAAAAQAYAzk3KwAMCngADANOAAvf2gAL34UAAHlrAAIAXE1hY2ludG9zaCBIRDpVc2VyczpkZW5uaXNldmFuZ2VsaXN0YTpEb2N1bWVudHM6UGFwZXJzOjIwMDU6WWFub3ZpYWs6TmF0dXJlIDIwMDUgWWFub3ZpYWsucGRmAA4AMgAYAE4AYQB0AHUAcgBlACAAMgAwADAANQAgAFkAYQBuAG8AdgBpAGEAawAuAHAAZABmAA8AGgAMAE0AYQBjAGkAbgB0AG8AcwBoACAASABEABIAT1VzZXJzL2Rlbm5pc2V2YW5nZWxpc3RhL0RvY3VtZW50cy9QYXBlcnMvMjAwNS9ZYW5vdmlhay9OYXR1cmUgMjAwNSBZYW5vdmlhay5wZGYAABMAAS8AABUAAgAY//8AAIAF0hwdHh9YJGNsYXNzZXNaJGNsYXNzbmFtZaMfICFdTlNNdXRhYmxlRGF0YVZOU0RhdGFYTlNPYmplY3RfED0uLi8uLi9Eb2N1bWVudHMvUGFwZXJzLzIwMDUvWWFub3ZpYWsvTmF0dXJlIDIwMDUgWWFub3ZpYWsucGRm0hwdJCWiJSFcTlNEaWN0aW9uYXJ5EgABhqBfEA9OU0tleWVkQXJjaGl2ZXIACAARABYAHwAoADIANQA6ADwARQBLAFIAXQBlAGwAbwBxAHMAdgB4AHoAfACGAJMAmACgApIClAKZAqICrQKxAr8CxgLPAw8DFAMXAyQDKQAAAAAAAAIBAAAAAAAAACgAAAAAAAAAAAAAAAAAAAM7},
	Bdsk-Url-1 = {http://dx.doi.org/10.1038/nature03268}}

@article{Yanoviak:2008,
	Author = {Stephen P Yanoviak and Michael Kaspari and Robert A Dudley},
	Date-Added = {2010-04-21 13:26:45 -0700},
	Date-Modified = {2010-04-21 13:26:45 -0700},
	Journal = {Submitted to Science Brevia},
	Local-Url = {file://localhost/Users/dennisevangelista/Documents/Papers/2008/Yanoviak/Submitted%20to%20Science%20Brevia%202008%20Yanoviak-1.pdf},
	Month = {Oct},
	Pages = {1},
	Rating = {5},
	Title = {Gliding bristletails and the origins of insect flight (figures)},
	Uri = {papers://7745578F-AF22-43C6-9381-71DCABA46510/Paper/p4980},
	Year = {2008},
	Bdsk-File-1 = {YnBsaXN0MDDUAQIDBAUIJidUJHRvcFgkb2JqZWN0c1gkdmVyc2lvblkkYXJjaGl2ZXLRBgdUcm9vdIABqAkKFRYXGyIjVSRudWxs0wsMDQ4RFFpOUy5vYmplY3RzV05TLmtleXNWJGNsYXNzog8QgASABqISE4ACgAOAB1lhbGlhc0RhdGFccmVsYXRpdmVQYXRo0hgNGRpXTlMuZGF0YU8RAjoAAAAAAjoAAgAADE1hY2ludG9zaCBIRAAAAAAAAAAAAAAAAAAAAMNhm/VIKwAAA8G8OB9TdWJtaXR0ZWQgdG8gU2NpZW5jIzNDMUJCMjkucGRmAAAAAAAAAAAAAAAAAAAAAAAAAAAAAAAAAAAAAAAAAAADwbspxROZGAAAAAAAAAAAAAIABQAACSAAAAAAAAAAAAAAAAAAAAAIWWFub3ZpYWsAEAAIAADDYgx1AAAAEQAIAADFE/uIAAAAAQAYA8G8OAC81iYADANOAAvf2gAL34UAAHlrAAIAY01hY2ludG9zaCBIRDpVc2VyczpkZW5uaXNldmFuZ2VsaXN0YTpEb2N1bWVudHM6UGFwZXJzOjIwMDg6WWFub3ZpYWs6U3VibWl0dGVkIHRvIFNjaWVuYyMzQzFCQjI5LnBkZgAADgBgAC8AUwB1AGIAbQBpAHQAdABlAGQAIAB0AG8AIABTAGMAaQBlAG4AYwBlACAAQgByAGUAdgBpAGEAIAAyADAAMAA4ACAAWQBhAG4AbwB2AGkAYQBrAC0AMQAuAHAAZABmAA8AGgAMAE0AYQBjAGkAbgB0AG8AcwBoACAASABEABIAZlVzZXJzL2Rlbm5pc2V2YW5nZWxpc3RhL0RvY3VtZW50cy9QYXBlcnMvMjAwOC9ZYW5vdmlhay9TdWJtaXR0ZWQgdG8gU2NpZW5jZSBCcmV2aWEgMjAwOCBZYW5vdmlhay0xLnBkZgATAAEvAAAVAAIAGP//AACABdIcHR4fWCRjbGFzc2VzWiRjbGFzc25hbWWjHyAhXU5TTXV0YWJsZURhdGFWTlNEYXRhWE5TT2JqZWN0XxBULi4vLi4vRG9jdW1lbnRzL1BhcGVycy8yMDA4L1lhbm92aWFrL1N1Ym1pdHRlZCB0byBTY2llbmNlIEJyZXZpYSAyMDA4IFlhbm92aWFrLTEucGRm0hwdJCWiJSFcTlNEaWN0aW9uYXJ5EgABhqBfEA9OU0tleWVkQXJjaGl2ZXIACAARABYAHwAoADIANQA6ADwARQBLAFIAXQBlAGwAbwBxAHMAdgB4AHoAfACGAJMAmACgAt4C4ALlAu4C+QL9AwsDEgMbA3IDdwN6A4cDjAAAAAAAAAIBAAAAAAAAACgAAAAAAAAAAAAAAAAAAAOe}}

@book{Anderson:2007,
	Address = {New York, NY},
	Author = {Anderson, Jr., John D.},
	Date-Added = {2010-04-21 12:07:43 -0700},
	Date-Modified = {2010-04-21 12:07:43 -0700},
	Edition = {5th},
	Publisher = {McGraw-Hill},
	Title = {Fundamentals of Aerodynamics},
	Year = {2007}}

@article{Bishop:2007,
	Abstract = {J. Exp. Biol.},
	Author = {Kristin L Bishop},
	Date-Added = {2010-04-21 11:10:14 -0700},
	Date-Modified = {2010-04-21 11:10:14 -0700},
	Doi = {doi:10.1242/jeb.002071},
	Journal = {J. Exp. Biol.},
	Local-Url = {file://localhost/Users/dennisevangelista/Documents/Papers/2007/Bishop/J.%20Exp.%20Biol.%202007%20Bishop-1.pdf},
	Month = {Jul},
	Pages = {2593--2606},
	Rating = {5},
	Read = {Yes},
	Title = {Aerodynamic force generation, performance, and control of body orientation during gliding in sugar gliders (\emph{{P}etaurus breviceps})},
	Uri = {papers://7745578F-AF22-43C6-9381-71DCABA46510/Paper/p2077},
	Volume = {210},
	Year = {2007},
	Bdsk-File-1 = {YnBsaXN0MDDUAQIDBAUIJidUJHRvcFgkb2JqZWN0c1gkdmVyc2lvblkkYXJjaGl2ZXLRBgdUcm9vdIABqAkKFRYXGyIjVSRudWxs0wsMDQ4RFFpOUy5vYmplY3RzV05TLmtleXNWJGNsYXNzog8QgASABqISE4ACgAOAB1lhbGlhc0RhdGFccmVsYXRpdmVQYXRo0hgNGRpXTlMuZGF0YU8RAgQAAAAAAgQAAgAADE1hY2ludG9zaCBIRAAAAAAAAAAAAAAAAAAAAMNhm/VIKwAAAAwOcx9KLiBFeHAuIEJpb2wuIDIwMDcgQmlzaG9wLTEucGRmAAAAAAAAAAAAAAAAAAAAAAAAAAAAAAAAAAAAAAAAAAAADA50wx/9AwAAAAAAAAAAAAIABQAACSAAAAAAAAAAAAAAAAAAAAAGQmlzaG9wABAACAAAw2IMdQAAABEACAAAwyBfcwAAAAEAGAAMDnMADA49AAwDTgAL39oAC9+FAAB5awACAGFNYWNpbnRvc2ggSEQ6VXNlcnM6ZGVubmlzZXZhbmdlbGlzdGE6RG9jdW1lbnRzOlBhcGVyczoyMDA3OkJpc2hvcDpKLiBFeHAuIEJpb2wuIDIwMDcgQmlzaG9wLTEucGRmAAAOAEAAHwBKAC4AIABFAHgAcAAuACAAQgBpAG8AbAAuACAAMgAwADAANwAgAEIAaQBzAGgAbwBwAC0AMQAuAHAAZABmAA8AGgAMAE0AYQBjAGkAbgB0AG8AcwBoACAASABEABIAVFVzZXJzL2Rlbm5pc2V2YW5nZWxpc3RhL0RvY3VtZW50cy9QYXBlcnMvMjAwNy9CaXNob3AvSi4gRXhwLiBCaW9sLiAyMDA3IEJpc2hvcC0xLnBkZgATAAEvAAAVAAIAGP//AACABdIcHR4fWCRjbGFzc2VzWiRjbGFzc25hbWWjHyAhXU5TTXV0YWJsZURhdGFWTlNEYXRhWE5TT2JqZWN0XxBCLi4vLi4vRG9jdW1lbnRzL1BhcGVycy8yMDA3L0Jpc2hvcC9KLiBFeHAuIEJpb2wuIDIwMDcgQmlzaG9wLTEucGRm0hwdJCWiJSFcTlNEaWN0aW9uYXJ5EgABhqBfEA9OU0tleWVkQXJjaGl2ZXIACAARABYAHwAoADIANQA6ADwARQBLAFIAXQBlAGwAbwBxAHMAdgB4AHoAfACGAJMAmACgAqgCqgKvArgCwwLHAtUC3ALlAyoDLwMyAz8DRAAAAAAAAAIBAAAAAAAAACgAAAAAAAAAAAAAAAAAAANW},
	Bdsk-Url-1 = {http://dx.doi.org/10.1242/jeb.002071}}

@article{Altshuler:2004,
	Author = {Douglas L Altshuler and Robert A Dudley and Charles P Ellington},
	Date-Added = {2010-04-21 11:10:14 -0700},
	Date-Modified = {2010-04-21 11:10:14 -0700},
	Doi = {10.1017/S0952836904005813},
	Journal = {J. Zool.},
	Local-Url = {file://localhost/Users/dennisevangelista/Documents/Papers/2004/Altshuler/J.%20Zool.%202004%20Altshuler-1.pdf},
	Month = {Dec},
	Number = {4},
	Pages = {327--332},
	Pii = {S0952836904005813},
	Rating = {0},
	Read = {Yes},
	Title = {Aerodynamic forces of revolving hummingbird wings and wing models},
	Uri = {papers://7745578F-AF22-43C6-9381-71DCABA46510/Paper/p3265},
	Volume = {264},
	Year = {2004},
	Bdsk-File-1 = {YnBsaXN0MDDUAQIDBAUIJidUJHRvcFgkb2JqZWN0c1gkdmVyc2lvblkkYXJjaGl2ZXLRBgdUcm9vdIABqAkKFRYXGyIjVSRudWxs0wsMDQ4RFFpOUy5vYmplY3RzV05TLmtleXNWJGNsYXNzog8QgASABqISE4ACgAOAB1lhbGlhc0RhdGFccmVsYXRpdmVQYXRo0hgNGRpXTlMuZGF0YU8RAgYAAAAAAgYAAgAADE1hY2ludG9zaCBIRAAAAAAAAAAAAAAAAAAAAMNhm/VIKwAAAfWsTR1KLiBab29sLiAyMDA0IEFsdHNodWxlci0xLnBkZgAAAAAAAAAAAAAAAAAAAAAAAAAAAAAAAAAAAAAAAAAAAAADPqryxEOJ0wAAAAAAAAAAAAIABQAACSAAAAAAAAAAAAAAAAAAAAAJQWx0c2h1bGVyAAAQAAgAAMNiDHUAAAARAAgAAMRD7EMAAAABABgB9axNAAwJPwAMA04AC9/aAAvfhQAAeWsAAgBiTWFjaW50b3NoIEhEOlVzZXJzOmRlbm5pc2V2YW5nZWxpc3RhOkRvY3VtZW50czpQYXBlcnM6MjAwNDpBbHRzaHVsZXI6Si4gWm9vbC4gMjAwNCBBbHRzaHVsZXItMS5wZGYADgA8AB0ASgAuACAAWgBvAG8AbAAuACAAMgAwADAANAAgAEEAbAB0AHMAaAB1AGwAZQByAC0AMQAuAHAAZABmAA8AGgAMAE0AYQBjAGkAbgB0AG8AcwBoACAASABEABIAVVVzZXJzL2Rlbm5pc2V2YW5nZWxpc3RhL0RvY3VtZW50cy9QYXBlcnMvMjAwNC9BbHRzaHVsZXIvSi4gWm9vbC4gMjAwNCBBbHRzaHVsZXItMS5wZGYAABMAAS8AABUAAgAY//8AAIAF0hwdHh9YJGNsYXNzZXNaJGNsYXNzbmFtZaMfICFdTlNNdXRhYmxlRGF0YVZOU0RhdGFYTlNPYmplY3RfEEMuLi8uLi9Eb2N1bWVudHMvUGFwZXJzLzIwMDQvQWx0c2h1bGVyL0ouIFpvb2wuIDIwMDQgQWx0c2h1bGVyLTEucGRm0hwdJCWiJSFcTlNEaWN0aW9uYXJ5EgABhqBfEA9OU0tleWVkQXJjaGl2ZXIACAARABYAHwAoADIANQA6ADwARQBLAFIAXQBlAGwAbwBxAHMAdgB4AHoAfACGAJMAmACgAqoCrAKxAroCxQLJAtcC3gLnAy0DMgM1A0IDRwAAAAAAAAIBAAAAAAAAACgAAAAAAAAAAAAAAAAAAANZ},
	Bdsk-Url-1 = {http://dx.doi.org/10.1017/S0952836904005813}}

@article{McCay:2001,
	Abstract = {JEB204-16},
	Author = {Michael G McCay},
	Date-Added = {2010-04-21 11:10:14 -0700},
	Date-Modified = {2010-04-21 11:10:14 -0700},
	Journal = {J. Exp. Biol.},
	Keywords = {Polypedates dennysi, tree frog. , aerodynamic stability, gliding, maneuverability},
	Local-Url = {file://localhost/Users/dennisevangelista/Documents/Papers/2001/McCay/J.%20Exp.%20Biol.%202001%20McCay-1.pdf},
	Month = {Jul},
	Pages = {2817--2826},
	Rating = {5},
	Read = {Yes},
	Title = {Aerodynamic stability and maneuverability of the gliding frog \emph{{P}olypedates dennysi}},
	Uri = {papers://7745578F-AF22-43C6-9381-71DCABA46510/Paper/p2073},
	Volume = {204},
	Year = {2001},
	Bdsk-File-1 = {YnBsaXN0MDDUAQIDBAUIJidUJHRvcFgkb2JqZWN0c1gkdmVyc2lvblkkYXJjaGl2ZXLRBgdUcm9vdIABqAkKFRYXGyIjVSRudWxs0wsMDQ4RFFpOUy5vYmplY3RzV05TLmtleXNWJGNsYXNzog8QgASABqISE4ACgAOAB1lhbGlhc0RhdGFccmVsYXRpdmVQYXRo0hgNGRpXTlMuZGF0YU8RAf4AAAAAAf4AAgAADE1hY2ludG9zaCBIRAAAAAAAAAAAAAAAAAAAAMNhm/VIKwAAAAwHLR5KLiBFeHAuIEJpb2wuIDIwMDEgTWNDYXktMS5wZGYAAAAAAAAAAAAAAAAAAAAAAAAAAAAAAAAAAAAAAAAAAAAADAcuwx/8sAAAAAAAAAAAAAIABQAACSAAAAAAAAAAAAAAAAAAAAAFTWNDYXkAABAACAAAw2IMdQAAABEACAAAwyBfIAAAAAEAGAAMBy0ADAbpAAwDTgAL39oAC9+FAAB5awACAF9NYWNpbnRvc2ggSEQ6VXNlcnM6ZGVubmlzZXZhbmdlbGlzdGE6RG9jdW1lbnRzOlBhcGVyczoyMDAxOk1jQ2F5OkouIEV4cC4gQmlvbC4gMjAwMSBNY0NheS0xLnBkZgAADgA+AB4ASgAuACAARQB4AHAALgAgAEIAaQBvAGwALgAgADIAMAAwADEAIABNAGMAQwBhAHkALQAxAC4AcABkAGYADwAaAAwATQBhAGMAaQBuAHQAbwBzAGgAIABIAEQAEgBSVXNlcnMvZGVubmlzZXZhbmdlbGlzdGEvRG9jdW1lbnRzL1BhcGVycy8yMDAxL01jQ2F5L0ouIEV4cC4gQmlvbC4gMjAwMSBNY0NheS0xLnBkZgATAAEvAAAVAAIAGP//AACABdIcHR4fWCRjbGFzc2VzWiRjbGFzc25hbWWjHyAhXU5TTXV0YWJsZURhdGFWTlNEYXRhWE5TT2JqZWN0XxBALi4vLi4vRG9jdW1lbnRzL1BhcGVycy8yMDAxL01jQ2F5L0ouIEV4cC4gQmlvbC4gMjAwMSBNY0NheS0xLnBkZtIcHSQloiUhXE5TRGljdGlvbmFyeRIAAYagXxAPTlNLZXllZEFyY2hpdmVyAAgAEQAWAB8AKAAyADUAOgA8AEUASwBSAF0AZQBsAG8AcQBzAHYAeAB6AHwAhgCTAJgAoAKiAqQCqQKyAr0CwQLPAtYC3wMiAycDKgM3AzwAAAAAAAACAQAAAAAAAAAoAAAAAAAAAAAAAAAAAAADTg==}}

@book{McCormick:1995,
	Author = {Barnes W. McCormick},
	Date-Added = {2010-04-21 11:10:14 -0700},
	Date-Modified = {2010-04-21 11:10:14 -0700},
	Edition = {2nd},
	Publisher = {John Wiley and Sons},
	Title = {Aerodynamics, Aeronautics, and Flight Mechanics},
	Year = {1995}}

@article{Tucker:1970,
	Abstract = {INTRODUCTION An interesting characteristic of avian gliders is their ability to soar or remain aloft without flapping their wings for long periods. There are two ways to do this. In static soaring a bird maintains or gains altitude },
	Author = {Tucker, Vance A. and Parrott, G. Christian},
	Date-Added = {2010-04-21 11:10:14 -0700},
	Date-Modified = {2010-04-21 11:10:14 -0700},
	Journal = {J. Exp. Biol.},
	Local-Url = {file://localhost/Users/dennisevangelista/Documents/Papers/1970/TUCKER/J.%20Exp.%20Biol.%201970%20TUCKER-1.pdf},
	Month = {Jan},
	Pages = {345-367},
	Pmid = {16185208087821980369related:0ZJowgBpneAJ},
	Rating = {0},
	Title = {Aerodynamics of gliding flight in a falcon and other birds},
	Uri = {papers://7745578F-AF22-43C6-9381-71DCABA46510/Paper/p2483},
	Url = {http://jeb.biologists.org/cgi/content/abstract/52/2/345},
	Volume = {52},
	Year = {1970},
	Bdsk-File-1 = {YnBsaXN0MDDUAQIDBAUIJidUJHRvcFgkb2JqZWN0c1gkdmVyc2lvblkkYXJjaGl2ZXLRBgdUcm9vdIABqAkKFRYXGyIjVSRudWxs0wsMDQ4RFFpOUy5vYmplY3RzV05TLmtleXNWJGNsYXNzog8QgASABqISE4ACgAOAB1lhbGlhc0RhdGFccmVsYXRpdmVQYXRo0hgNGRpXTlMuZGF0YU8RAgQAAAAAAgQAAgAADE1hY2ludG9zaCBIRAAAAAAAAAAAAAAAAAAAAMNhm/VIKwAAAAwD6B9KLiBFeHAuIEJpb2wuIDE5NzAgVFVDS0VSLTEucGRmAAAAAAAAAAAAAAAAAAAAAAAAAAAAAAAAAAAAAAAAAAALLn/9xksn8wAAAAAAAAAAAAIABQAACSAAAAAAAAAAAAAAAAAAAAAGVFVDS0VSABAACAAAw2IMdQAAABEACAAAxkuKYwAAAAEAGAAMA+gADAPjAAwDTgAL39oAC9+FAAB5awACAGFNYWNpbnRvc2ggSEQ6VXNlcnM6ZGVubmlzZXZhbmdlbGlzdGE6RG9jdW1lbnRzOlBhcGVyczoxOTcwOlRVQ0tFUjpKLiBFeHAuIEJpb2wuIDE5NzAgVFVDS0VSLTEucGRmAAAOAEAAHwBKAC4AIABFAHgAcAAuACAAQgBpAG8AbAAuACAAMQA5ADcAMAAgAFQAVQBDAEsARQBSAC0AMQAuAHAAZABmAA8AGgAMAE0AYQBjAGkAbgB0AG8AcwBoACAASABEABIAVFVzZXJzL2Rlbm5pc2V2YW5nZWxpc3RhL0RvY3VtZW50cy9QYXBlcnMvMTk3MC9UVUNLRVIvSi4gRXhwLiBCaW9sLiAxOTcwIFRVQ0tFUi0xLnBkZgATAAEvAAAVAAIAGP//AACABdIcHR4fWCRjbGFzc2VzWiRjbGFzc25hbWWjHyAhXU5TTXV0YWJsZURhdGFWTlNEYXRhWE5TT2JqZWN0XxBCLi4vLi4vRG9jdW1lbnRzL1BhcGVycy8xOTcwL1RVQ0tFUi9KLiBFeHAuIEJpb2wuIDE5NzAgVFVDS0VSLTEucGRm0hwdJCWiJSFcTlNEaWN0aW9uYXJ5EgABhqBfEA9OU0tleWVkQXJjaGl2ZXIACAARABYAHwAoADIANQA6ADwARQBLAFIAXQBlAGwAbwBxAHMAdgB4AHoAfACGAJMAmACgAqgCqgKvArgCwwLHAtUC3ALlAyoDLwMyAz8DRAAAAAAAAAIBAAAAAAAAACgAAAAAAAAAAAAAAAAAAANW},
	Bdsk-Url-1 = {http://jeb.biologists.org/cgi/content/abstract/52/2/345}}

@article{Warrick:2005,
	Abstract = {Despite profound musculoskeletal differences, hummingbirds (Trochilidae) are widely thought to employ aerodynamic mechanisms similar to those used by insects. The kinematic symmetry of the hummingbird upstroke and downstroke has led to the assumption that these halves of the wingbeat cycle contribute equally to weight support during hovering, as exhibited by insects of similar size. This assumption has been applied, either explicitly or implicitly, in widely used aerodynamic models and in a variety of empirical tests. Here we provide measurements of the wake of hovering rufous hummingbirds (Selasphorus rufus) obtained with digital particle image velocimetry that show force asymmetry: hummingbirds produce 75% of their weight support during the downstroke and only 25% during the upstroke. Some of this asymmetry is probably due to inversion of their cambered wings during upstroke. The wake of hummingbird wings also reveals evidence of leading-edge vortices created during the downstroke, indicating that they may operate at Reynolds numbers sufficiently low to exploit a key mechanism typical of insect hovering. Hummingbird hovering approaches that of insects, yet remains distinct because of effects resulting from an inherently dissimilar-avian-body plan.},
	Affiliation = {Department of Zoology, Oregon State University, 3029 Cordley Hall, Corvallis, Oregon 97331, USA. warrickd@science.oregonstate.edu},
	Author = {Douglas R Warrick and Bret W Tobalske and Donald R Powers},
	Date-Added = {2010-04-21 11:10:14 -0700},
	Date-Modified = {2010-04-21 11:10:14 -0700},
	Doi = {10.1038/nature03647},
	Journal = {Nature},
	Keywords = {Flight, Animal, Birds, Evolution, Biomechanics, Body Weight, Models, Biological, Animals, Insects, Wing},
	Language = {English},
	Local-Url = {file://localhost/Users/dennisevangelista/Documents/Papers/2005/Warrick/Nature%202005%20Warrick-1.pdf},
	Month = {Jun},
	Number = {7045},
	Pages = {1094--7},
	Pii = {nature03647},
	Pmid = {15973407},
	Rating = {0},
	Read = {Yes},
	Title = {Aerodynamics of the hovering hummingbird},
	Uri = {papers://7745578F-AF22-43C6-9381-71DCABA46510/Paper/p868},
	Volume = {435},
	Year = {2005},
	Bdsk-File-1 = {YnBsaXN0MDDUAQIDBAUIJidUJHRvcFgkb2JqZWN0c1gkdmVyc2lvblkkYXJjaGl2ZXLRBgdUcm9vdIABqAkKFRYXGyIjVSRudWxs0wsMDQ4RFFpOUy5vYmplY3RzV05TLmtleXNWJGNsYXNzog8QgASABqISE4ACgAOAB1lhbGlhc0RhdGFccmVsYXRpdmVQYXRo0hgNGRpXTlMuZGF0YU8RAfAAAAAAAfAAAgAADE1hY2ludG9zaCBIRAAAAAAAAAAAAAAAAAAAAMNhm/VIKwAAAAwMJBlOYXR1cmUgMjAwNSBXYXJyaWNrLTEucGRmAAAAAAAAAAAAAAAAAAAAAAAAAAAAAAAAAAAAAAAAAAAAAAAAAAAADAwlvt5v7wAAAAAAAAAAAAIABQAACSAAAAAAAAAAAAAAAAAAAAAHV2FycmljawAAEAAIAADDYgx1AAAAEQAIAAC+3tJfAAAAAQAYAAwMJAAMCngADANOAAvf2gAL34UAAHlrAAIAXE1hY2ludG9zaCBIRDpVc2VyczpkZW5uaXNldmFuZ2VsaXN0YTpEb2N1bWVudHM6UGFwZXJzOjIwMDU6V2FycmljazpOYXR1cmUgMjAwNSBXYXJyaWNrLTEucGRmAA4ANAAZAE4AYQB0AHUAcgBlACAAMgAwADAANQAgAFcAYQByAHIAaQBjAGsALQAxAC4AcABkAGYADwAaAAwATQBhAGMAaQBuAHQAbwBzAGgAIABIAEQAEgBPVXNlcnMvZGVubmlzZXZhbmdlbGlzdGEvRG9jdW1lbnRzL1BhcGVycy8yMDA1L1dhcnJpY2svTmF0dXJlIDIwMDUgV2Fycmljay0xLnBkZgAAEwABLwAAFQACABj//wAAgAXSHB0eH1gkY2xhc3Nlc1okY2xhc3NuYW1lox8gIV1OU011dGFibGVEYXRhVk5TRGF0YVhOU09iamVjdF8QPS4uLy4uL0RvY3VtZW50cy9QYXBlcnMvMjAwNS9XYXJyaWNrL05hdHVyZSAyMDA1IFdhcnJpY2stMS5wZGbSHB0kJaIlIVxOU0RpY3Rpb25hcnkSAAGGoF8QD05TS2V5ZWRBcmNoaXZlcgAIABEAFgAfACgAMgA1ADoAPABFAEsAUgBdAGUAbABvAHEAcwB2AHgAegB8AIYAkwCYAKAClAKWApsCpAKvArMCwQLIAtEDEQMWAxkDJgMrAAAAAAAAAgEAAAAAAAAAKAAAAAAAAAAAAAAAAAAAAz0=},
	Bdsk-Url-1 = {http://dx.doi.org/10.1038/nature03647}}

@article{Stiles:1982,
	Author = {Stiles, F. Gary},
	Date-Added = {2010-04-21 11:10:14 -0700},
	Date-Modified = {2010-04-21 11:10:14 -0700},
	Journal = {Condor},
	Local-Url = {file://localhost/Users/dennisevangelista/Documents/Papers/1982/Stiles/Condor%201982%20Stiles.pdf},
	Month = {Dec},
	Pages = {208--225},
	Rating = {0},
	Read = {Yes},
	Title = {Aggressive and courtship displays of the male {A}nna's {H}ummingbird},
	Uri = {papers://7745578F-AF22-43C6-9381-71DCABA46510/Paper/p6270},
	Volume = {84},
	Year = {1982},
	Bdsk-File-1 = {YnBsaXN0MDDUAQIDBAUIJidUJHRvcFgkb2JqZWN0c1gkdmVyc2lvblkkYXJjaGl2ZXLRBgdUcm9vdIABqAkKFRYXGyIjVSRudWxs0wsMDQ4RFFpOUy5vYmplY3RzV05TLmtleXNWJGNsYXNzog8QgASABqISE4ACgAOAB1lhbGlhc0RhdGFccmVsYXRpdmVQYXRo0hgNGRpXTlMuZGF0YU8RAeAAAAAAAeAAAgAADE1hY2ludG9zaCBIRAAAAAAAAAAAAAAAAAAAAMNhm/VIKwAACysDzBZDb25kb3IgMTk4MiBTdGlsZXMucGRmAAAAAAAAAAAAAAAAAAAAAAAAAAAAAAAAAAAAAAAAAAAAAAAAAAAAAAALKwO0xkrU3QAAAAAAAAAAAAIABQAACSAAAAAAAAAAAAAAAAAAAAAGU3RpbGVzABAACAAAw2IMdQAAABEACAAAxks3TQAAAAEAGAsrA8wADAR8AAwDTgAL39oAC9+FAAB5awACAFhNYWNpbnRvc2ggSEQ6VXNlcnM6ZGVubmlzZXZhbmdlbGlzdGE6RG9jdW1lbnRzOlBhcGVyczoxOTgyOlN0aWxlczpDb25kb3IgMTk4MiBTdGlsZXMucGRmAA4ALgAWAEMAbwBuAGQAbwByACAAMQA5ADgAMgAgAFMAdABpAGwAZQBzAC4AcABkAGYADwAaAAwATQBhAGMAaQBuAHQAbwBzAGgAIABIAEQAEgBLVXNlcnMvZGVubmlzZXZhbmdlbGlzdGEvRG9jdW1lbnRzL1BhcGVycy8xOTgyL1N0aWxlcy9Db25kb3IgMTk4MiBTdGlsZXMucGRmAAATAAEvAAAVAAIAGP//AACABdIcHR4fWCRjbGFzc2VzWiRjbGFzc25hbWWjHyAhXU5TTXV0YWJsZURhdGFWTlNEYXRhWE5TT2JqZWN0XxA5Li4vLi4vRG9jdW1lbnRzL1BhcGVycy8xOTgyL1N0aWxlcy9Db25kb3IgMTk4MiBTdGlsZXMucGRm0hwdJCWiJSFcTlNEaWN0aW9uYXJ5EgABhqBfEA9OU0tleWVkQXJjaGl2ZXIACAARABYAHwAoADIANQA6ADwARQBLAFIAXQBlAGwAbwBxAHMAdgB4AHoAfACGAJMAmACgAoQChgKLApQCnwKjArECuALBAv0DAgMFAxIDFwAAAAAAAAIBAAAAAAAAACgAAAAAAAAAAAAAAAAAAAMp}}

@article{Clark:2009,
	Affiliation = {UC Berkeley},
	Author = {Christopher James Clark},
	Date-Added = {2010-04-21 11:10:14 -0700},
	Date-Modified = {2010-04-21 11:10:14 -0700},
	Journal = {Proc. R. Soc. B},
	Local-Url = {file://localhost/Users/dennisevangelista/Documents/Papers/2009/Clark/Proc.%20R.%20Soc.%20B%202009%20Clark.pdf},
	Number = {1670},
	Pages = {3047--3054},
	Rating = {0},
	Read = {Yes},
	Title = {Courtship dives of {A}nna's {H}ummingbird offer insights into flight performance limits},
	Uri = {papers://7745578F-AF22-43C6-9381-71DCABA46510/Paper/p6268},
	Volume = {276},
	Year = {2009},
	Bdsk-File-1 = {YnBsaXN0MDDUAQIDBAUIJidUJHRvcFgkb2JqZWN0c1gkdmVyc2lvblkkYXJjaGl2ZXLRBgdUcm9vdIABqAkKFRYXGyIjVSRudWxs0wsMDQ4RFFpOUy5vYmplY3RzV05TLmtleXNWJGNsYXNzog8QgASABqISE4ACgAOAB1lhbGlhc0RhdGFccmVsYXRpdmVQYXRo0hgNGRpXTlMuZGF0YU8RAnoAAAAAAnoAAgAADE1hY2ludG9zaCBIRAAAAAAAAAAAAAAAAAAAAMNhm/VIKwAACyopvx9Qcm9jZWVkaW5ncyBvZiB0aGUjMTI4NDk5QUEucGRmAAAAAAAAAAAAAAAAAAAAAAAAAAAAAAAAAAAAAAAAAAAShJmqx/SE+QAAAAAAAAAAAAIABQAACSAAAAAAAAAAAAAAAAAAAAAFQ2xhcmsAABAACAAAw2IMdQAAABEACAAAx/TnaQAAAAEAGAsqKb8D3h+OAAwDTgAL39oAC9+FAAB5awACAGBNYWNpbnRvc2ggSEQ6VXNlcnM6ZGVubmlzZXZhbmdlbGlzdGE6RG9jdW1lbnRzOlBhcGVyczoyMDA5OkNsYXJrOlByb2NlZWRpbmdzIG9mIHRoZSMxMjg0OTlBQS5wZGYADgCQAEcAUAByAG8AYwBlAGUAZABpAG4AZwBzACAAbwBmACAAdABoAGUAIABSAG8AeQBhAGwAIABTAG8AYwBpAGUAdAB5ACAAQgAgAEIAaQBvAGwAbwBnAGkAYwBhAGwAIABTAGMAaQBlAG4AYwBlAHMAIAAyADAAMAA5ACAAQwBsAGEAcgBrAC0AMQAuAHAAZABmAA8AGgAMAE0AYQBjAGkAbgB0AG8AcwBoACAASABEABIAe1VzZXJzL2Rlbm5pc2V2YW5nZWxpc3RhL0RvY3VtZW50cy9QYXBlcnMvMjAwOS9DbGFyay9Qcm9jZWVkaW5ncyBvZiB0aGUgUm95YWwgU29jaWV0eSBCIEJpb2xvZ2ljYWwgU2NpZW5jZXMgMjAwOSBDbGFyay0xLnBkZgAAEwABLwAAFQACABj//wAAgAXSHB0eH1gkY2xhc3Nlc1okY2xhc3NuYW1lox8gIV1OU011dGFibGVEYXRhVk5TRGF0YVhOU09iamVjdF8QaS4uLy4uL0RvY3VtZW50cy9QYXBlcnMvMjAwOS9DbGFyay9Qcm9jZWVkaW5ncyBvZiB0aGUgUm95YWwgU29jaWV0eSBCIEJpb2xvZ2ljYWwgU2NpZW5jZXMgMjAwOSBDbGFyay0xLnBkZtIcHSQloiUhXE5TRGljdGlvbmFyeRIAAYagXxAPTlNLZXllZEFyY2hpdmVyAAgAEQAWAB8AKAAyADUAOgA8AEUASwBSAF0AZQBsAG8AcQBzAHYAeAB6AHwAhgCTAJgAoAMeAyADJQMuAzkDPQNLA1IDWwPHA8wDzwPcA+EAAAAAAAACAQAAAAAAAAAoAAAAAAAAAAAAAAAAAAAD8w==},
	Bdsk-File-2 = {YnBsaXN0MDDUAQIDBAUIJidUJHRvcFgkb2JqZWN0c1gkdmVyc2lvblkkYXJjaGl2ZXLRBgdUcm9vdIABqAkKFRYXGyIjVSRudWxs0wsMDQ4RFFpOUy5vYmplY3RzV05TLmtleXNWJGNsYXNzog8QgASABqISE4ACgAOAB1lhbGlhc0RhdGFccmVsYXRpdmVQYXRo0hgNGRpXTlMuZGF0YU8RAnQAAAAAAnQAAgAADE1hY2ludG9zaCBIRAAAAAAAAAAAAAAAAAAAAMNhm/VIKwAACyopvx9Qcm9jZWVkaW5ncyBvZiB0aGUgI0IyQTIzNDYucGRmAAAAAAAAAAAAAAAAAAAAAAAAAAAAAAAAAAAAAAAAAAALKiNGxknuwwAAAAAAAAAAAAIABQAACSAAAAAAAAAAAAAAAAAAAAAFQ2xhcmsAABAACAAAw2IMdQAAABEACAAAxkpRMwAAAAEAGAsqKb8D3h+OAAwDTgAL39oAC9+FAAB5awACAGBNYWNpbnRvc2ggSEQ6VXNlcnM6ZGVubmlzZXZhbmdlbGlzdGE6RG9jdW1lbnRzOlBhcGVyczoyMDA5OkNsYXJrOlByb2NlZWRpbmdzIG9mIHRoZSAjQjJBMjM0Ni5wZGYADgCMAEUAUAByAG8AYwBlAGUAZABpAG4AZwBzACAAbwBmACAAdABoAGUAIABSAG8AeQBhAGwAIABTAG8AYwBpAGUAdAB5ACAAQgAgAEIAaQBvAGwAbwBnAGkAYwBhAGwAIABTAGMAaQBlAG4AYwBlAHMAIAAyADAAMAA5ACAAQwBsAGEAcgBrAC4AcABkAGYADwAaAAwATQBhAGMAaQBuAHQAbwBzAGgAIABIAEQAEgB5VXNlcnMvZGVubmlzZXZhbmdlbGlzdGEvRG9jdW1lbnRzL1BhcGVycy8yMDA5L0NsYXJrL1Byb2NlZWRpbmdzIG9mIHRoZSBSb3lhbCBTb2NpZXR5IEIgQmlvbG9naWNhbCBTY2llbmNlcyAyMDA5IENsYXJrLnBkZgAAEwABLwAAFQACABj//wAAgAXSHB0eH1gkY2xhc3Nlc1okY2xhc3NuYW1lox8gIV1OU011dGFibGVEYXRhVk5TRGF0YVhOU09iamVjdF8QZy4uLy4uL0RvY3VtZW50cy9QYXBlcnMvMjAwOS9DbGFyay9Qcm9jZWVkaW5ncyBvZiB0aGUgUm95YWwgU29jaWV0eSBCIEJpb2xvZ2ljYWwgU2NpZW5jZXMgMjAwOSBDbGFyay5wZGbSHB0kJaIlIVxOU0RpY3Rpb25hcnkSAAGGoF8QD05TS2V5ZWRBcmNoaXZlcgAIABEAFgAfACgAMgA1ADoAPABFAEsAUgBdAGUAbABvAHEAcwB2AHgAegB8AIYAkwCYAKADGAMaAx8DKAMzAzcDRQNMA1UDvwPEA8cD1APZAAAAAAAAAgEAAAAAAAAAKAAAAAAAAAAAAAAAAAAAA+s=}}

@article{Emerson:1990,
	Author = {Emerson, Sharon B. and Travis, Joseph and Koehl, Mimi A. R.},
	Date-Added = {2010-04-21 11:10:14 -0700},
	Date-Modified = {2010-04-21 11:12:50 -0700},
	Journal = {Evolution},
	Local-Url = {file://localhost/Users/dennisevangelista/Documents/Papers/1990/Emerson/Evolution%201990%20Emerson-3.pdf},
	Month = {Nov},
	Number = {8},
	Pages = {2153--2157},
	Rating = {5},
	Read = {Yes},
	Title = {Functional complexes and additivity in performance: a test case with ``flying'' frogs},
	Uri = {papers://7745578F-AF22-43C6-9381-71DCABA46510/Paper/p2274},
	Volume = {44},
	Year = {1990},
	Bdsk-File-1 = {YnBsaXN0MDDUAQIDBAUIJidUJHRvcFgkb2JqZWN0c1gkdmVyc2lvblkkYXJjaGl2ZXLRBgdUcm9vdIABqAkKFRYXGyIjVSRudWxs0wsMDQ4RFFpOUy5vYmplY3RzV05TLmtleXNWJGNsYXNzog8QgASABqISE4ACgAOAB1lhbGlhc0RhdGFccmVsYXRpdmVQYXRo0hgNGRpXTlMuZGF0YU8RAfwAAAAAAfwAAgAADE1hY2ludG9zaCBIRAAAAAAAAAAAAAAAAAAAAMNhm/VIKwAAAAwE5xxFdm9sdXRpb24gMTk5MCBFbWVyc29uLTMucGRmAAAAAAAAAAAAAAAAAAAAAAAAAAAAAAAAAAAAAAAAAAAAAAAADATpw1j/QgAAAAAAAAAAAAIABQAACSAAAAAAAAAAAAAAAAAAAAAHRW1lcnNvbgAAEAAIAADDYgx1AAAAEQAIAADDWW/CAAAAAQAYAAwE5wAMBOYADANOAAvf2gAL34UAAHlrAAIAX01hY2ludG9zaCBIRDpVc2VyczpkZW5uaXNldmFuZ2VsaXN0YTpEb2N1bWVudHM6UGFwZXJzOjE5OTA6RW1lcnNvbjpFdm9sdXRpb24gMTk5MCBFbWVyc29uLTMucGRmAAAOADoAHABFAHYAbwBsAHUAdABpAG8AbgAgADEAOQA5ADAAIABFAG0AZQByAHMAbwBuAC0AMwAuAHAAZABmAA8AGgAMAE0AYQBjAGkAbgB0AG8AcwBoACAASABEABIAUlVzZXJzL2Rlbm5pc2V2YW5nZWxpc3RhL0RvY3VtZW50cy9QYXBlcnMvMTk5MC9FbWVyc29uL0V2b2x1dGlvbiAxOTkwIEVtZXJzb24tMy5wZGYAEwABLwAAFQACABj//wAAgAXSHB0eH1gkY2xhc3Nlc1okY2xhc3NuYW1lox8gIV1OU011dGFibGVEYXRhVk5TRGF0YVhOU09iamVjdF8QQC4uLy4uL0RvY3VtZW50cy9QYXBlcnMvMTk5MC9FbWVyc29uL0V2b2x1dGlvbiAxOTkwIEVtZXJzb24tMy5wZGbSHB0kJaIlIVxOU0RpY3Rpb25hcnkSAAGGoF8QD05TS2V5ZWRBcmNoaXZlcgAIABEAFgAfACgAMgA1ADoAPABFAEsAUgBdAGUAbABvAHEAcwB2AHgAegB8AIYAkwCYAKACoAKiAqcCsAK7Ar8CzQLUAt0DIAMlAygDNQM6AAAAAAAAAgEAAAAAAAAAKAAAAAAAAAAAAAAAAAAAA0w=}}

@article{Savile:1962,
	Author = {D. B. O Savile},
	Date-Added = {2010-04-21 11:10:14 -0700},
	Date-Modified = {2010-04-21 11:10:14 -0700},
	Journal = {Am. Zool.},
	Local-Url = {file://localhost/Users/dennisevangelista/Documents/Papers/1962/Savile/Am.%20Zool.%201962%20Savile.pdf},
	Month = {Feb},
	Pages = {161--166},
	Rating = {5},
	Read = {Yes},
	Title = {Gliding and flight in the vertebrates},
	Uri = {papers://7745578F-AF22-43C6-9381-71DCABA46510/Paper/p2069},
	Volume = {2},
	Year = {1962},
	Bdsk-File-1 = {YnBsaXN0MDDUAQIDBAUIJidUJHRvcFgkb2JqZWN0c1gkdmVyc2lvblkkYXJjaGl2ZXLRBgdUcm9vdIABqAkKFRYXGyIjVSRudWxs0wsMDQ4RFFpOUy5vYmplY3RzV05TLmtleXNWJGNsYXNzog8QgASABqISE4ACgAOAB1lhbGlhc0RhdGFccmVsYXRpdmVQYXRo0hgNGRpXTlMuZGF0YU8RAewAAAAAAewAAgAADE1hY2ludG9zaCBIRAAAAAAAAAAAAAAAAAAAAMNhm/VIKwAAAAwDxBlBbS4gWm9vbC4gMTk2MiBTYXZpbGUucGRmAAAAAAAAAAAAAAAAAAAAAAAAAAAAAAAAAAAAAAAAAAAAAAAAAAAADAPFwx/9QAAAAAAAAAAAAAIABQAACSAAAAAAAAAAAAAAAAAAAAAGU2F2aWxlABAACAAAw2IMdQAAABEACAAAwyBfsAAAAAEAGAAMA8QADAPDAAwDTgAL39oAC9+FAAB5awACAFtNYWNpbnRvc2ggSEQ6VXNlcnM6ZGVubmlzZXZhbmdlbGlzdGE6RG9jdW1lbnRzOlBhcGVyczoxOTYyOlNhdmlsZTpBbS4gWm9vbC4gMTk2MiBTYXZpbGUucGRmAAAOADQAGQBBAG0ALgAgAFoAbwBvAGwALgAgADEAOQA2ADIAIABTAGEAdgBpAGwAZQAuAHAAZABmAA8AGgAMAE0AYQBjAGkAbgB0AG8AcwBoACAASABEABIATlVzZXJzL2Rlbm5pc2V2YW5nZWxpc3RhL0RvY3VtZW50cy9QYXBlcnMvMTk2Mi9TYXZpbGUvQW0uIFpvb2wuIDE5NjIgU2F2aWxlLnBkZgATAAEvAAAVAAIAGP//AACABdIcHR4fWCRjbGFzc2VzWiRjbGFzc25hbWWjHyAhXU5TTXV0YWJsZURhdGFWTlNEYXRhWE5TT2JqZWN0XxA8Li4vLi4vRG9jdW1lbnRzL1BhcGVycy8xOTYyL1NhdmlsZS9BbS4gWm9vbC4gMTk2MiBTYXZpbGUucGRm0hwdJCWiJSFcTlNEaWN0aW9uYXJ5EgABhqBfEA9OU0tleWVkQXJjaGl2ZXIACAARABYAHwAoADIANQA6ADwARQBLAFIAXQBlAGwAbwBxAHMAdgB4AHoAfACGAJMAmACgApACkgKXAqACqwKvAr0CxALNAwwDEQMUAyEDJgAAAAAAAAIBAAAAAAAAACgAAAAAAAAAAAAAAAAAAAM4}}

@article{Tucker:1998,
	Abstract = {Many birds of prey attack from a high-speed dive: a fixed- wing glide along a steep, straight path. This behavior is particularly characteristic of peregrines (Falco peregrinus), falcons that strike other birds in the air, often after },
	Author = {Tucker, Vance A.},
	Date-Added = {2010-04-21 11:10:14 -0700},
	Date-Modified = {2010-04-21 11:10:14 -0700},
	Journal = {J. Exp. Biol.},
	Local-Url = {file://localhost/Users/dennisevangelista/Documents/Papers/1998/TUCKER/J.%20Exp.%20Biol.%201998%20TUCKER-1.pdf},
	Month = {Jan},
	Pages = {403-414},
	Pmid = {16132029918125131216related:0IXSR7174N8J},
	Rating = {0},
	Title = {Gliding flight: speed and acceleration of ideal falcons during diving and pull out},
	Uri = {papers://7745578F-AF22-43C6-9381-71DCABA46510/Paper/p2475},
	Url = {http://jeb.biologists.org/cgi/content/abstract/201/3/403},
	Volume = {201},
	Year = {1998},
	Bdsk-File-1 = {YnBsaXN0MDDUAQIDBAUIJidUJHRvcFgkb2JqZWN0c1gkdmVyc2lvblkkYXJjaGl2ZXLRBgdUcm9vdIABqAkKFRYXGyIjVSRudWxs0wsMDQ4RFFpOUy5vYmplY3RzV05TLmtleXNWJGNsYXNzog8QgASABqISE4ACgAOAB1lhbGlhc0RhdGFccmVsYXRpdmVQYXRo0hgNGRpXTlMuZGF0YU8RAgQAAAAAAgQAAgAADE1hY2ludG9zaCBIRAAAAAAAAAAAAAAAAAAAAMNhm/VIKwAAAAwF4h9KLiBFeHAuIEJpb2wuIDE5OTggVFVDS0VSLTEucGRmAAAAAAAAAAAAAAAAAAAAAAAAAAAAAAAAAAAAAAAAAAALLoAFxksoAQAAAAAAAAAAAAIABQAACSAAAAAAAAAAAAAAAAAAAAAGVFVDS0VSABAACAAAw2IMdQAAABEACAAAxkuKcQAAAAEAGAAMBeIADAWzAAwDTgAL39oAC9+FAAB5awACAGFNYWNpbnRvc2ggSEQ6VXNlcnM6ZGVubmlzZXZhbmdlbGlzdGE6RG9jdW1lbnRzOlBhcGVyczoxOTk4OlRVQ0tFUjpKLiBFeHAuIEJpb2wuIDE5OTggVFVDS0VSLTEucGRmAAAOAEAAHwBKAC4AIABFAHgAcAAuACAAQgBpAG8AbAAuACAAMQA5ADkAOAAgAFQAVQBDAEsARQBSAC0AMQAuAHAAZABmAA8AGgAMAE0AYQBjAGkAbgB0AG8AcwBoACAASABEABIAVFVzZXJzL2Rlbm5pc2V2YW5nZWxpc3RhL0RvY3VtZW50cy9QYXBlcnMvMTk5OC9UVUNLRVIvSi4gRXhwLiBCaW9sLiAxOTk4IFRVQ0tFUi0xLnBkZgATAAEvAAAVAAIAGP//AACABdIcHR4fWCRjbGFzc2VzWiRjbGFzc25hbWWjHyAhXU5TTXV0YWJsZURhdGFWTlNEYXRhWE5TT2JqZWN0XxBCLi4vLi4vRG9jdW1lbnRzL1BhcGVycy8xOTk4L1RVQ0tFUi9KLiBFeHAuIEJpb2wuIDE5OTggVFVDS0VSLTEucGRm0hwdJCWiJSFcTlNEaWN0aW9uYXJ5EgABhqBfEA9OU0tleWVkQXJjaGl2ZXIACAARABYAHwAoADIANQA6ADwARQBLAFIAXQBlAGwAbwBxAHMAdgB4AHoAfACGAJMAmACgAqgCqgKvArgCwwLHAtUC3ALlAyoDLwMyAz8DRAAAAAAAAAIBAAAAAAAAACgAAAAAAAAAAAAAAAAAAANW},
	Bdsk-Url-1 = {http://jeb.biologists.org/cgi/content/abstract/201/3/403}}

@article{Lentink:2007,
	Author = {Lentik, D. and M\"uller, U. K and Stamhuis, E. J. and de Kat, R. and van Gestel, W. and Veldhuis, L. L. M. and Henningsson, P. and Hedenstr\"om, A. and Videler, J. J. and van Leeuwen, J. L.},
	Date-Added = {2010-04-21 11:10:14 -0700},
	Date-Modified = {2010-04-21 11:10:14 -0700},
	Journal = {Nature},
	Local-Url = {file://localhost/Users/dennisevangelista/Documents/Papers/2007/Lentink/Nature%202007%20Lentink.pdf},
	Month = {Jan},
	Pages = {1082--1085},
	Rating = {4},
	Read = {Yes},
	Title = {How swifts control their glide performance with morphing wings},
	Uri = {papers://7745578F-AF22-43C6-9381-71DCABA46510/Paper/p2458},
	Url = {http://courses.washington.edu/biomechs/handouts/Lentink.pdf},
	Volume = {446},
	Year = {2007},
	Bdsk-File-1 = {YnBsaXN0MDDUAQIDBAUIJidUJHRvcFgkb2JqZWN0c1gkdmVyc2lvblkkYXJjaGl2ZXLRBgdUcm9vdIABqAkKFRYXGyIjVSRudWxs0wsMDQ4RFFpOUy5vYmplY3RzV05TLmtleXNWJGNsYXNzog8QgASABqISE4ACgAOAB1lhbGlhc0RhdGFccmVsYXRpdmVQYXRo0hgNGRpXTlMuZGF0YU8RAegAAAAAAegAAgAADE1hY2ludG9zaCBIRAAAAAAAAAAAAAAAAAAAAMNhm/VIKwAAAAwPNhdOYXR1cmUgMjAwNyBMZW50aW5rLnBkZgAAAAAAAAAAAAAAAAAAAAAAAAAAAAAAAAAAAAAAAAAAAAAAAAAAAAAADA83w4RULwAAAAAAAAAAAAIABQAACSAAAAAAAAAAAAAAAAAAAAAHTGVudGluawAAEAAIAADDYgx1AAAAEQAIAADDhMSvAAAAAQAYAAwPNgAMDj0ADANOAAvf2gAL34UAAHlrAAIAWk1hY2ludG9zaCBIRDpVc2VyczpkZW5uaXNldmFuZ2VsaXN0YTpEb2N1bWVudHM6UGFwZXJzOjIwMDc6TGVudGluazpOYXR1cmUgMjAwNyBMZW50aW5rLnBkZgAOADAAFwBOAGEAdAB1AHIAZQAgADIAMAAwADcAIABMAGUAbgB0AGkAbgBrAC4AcABkAGYADwAaAAwATQBhAGMAaQBuAHQAbwBzAGgAIABIAEQAEgBNVXNlcnMvZGVubmlzZXZhbmdlbGlzdGEvRG9jdW1lbnRzL1BhcGVycy8yMDA3L0xlbnRpbmsvTmF0dXJlIDIwMDcgTGVudGluay5wZGYAABMAAS8AABUAAgAY//8AAIAF0hwdHh9YJGNsYXNzZXNaJGNsYXNzbmFtZaMfICFdTlNNdXRhYmxlRGF0YVZOU0RhdGFYTlNPYmplY3RfEDsuLi8uLi9Eb2N1bWVudHMvUGFwZXJzLzIwMDcvTGVudGluay9OYXR1cmUgMjAwNyBMZW50aW5rLnBkZtIcHSQloiUhXE5TRGljdGlvbmFyeRIAAYagXxAPTlNLZXllZEFyY2hpdmVyAAgAEQAWAB8AKAAyADUAOgA8AEUASwBSAF0AZQBsAG8AcQBzAHYAeAB6AHwAhgCTAJgAoAKMAo4CkwKcAqcCqwK5AsACyQMHAwwDDwMcAyEAAAAAAAACAQAAAAAAAAAoAAAAAAAAAAAAAAAAAAADMw==},
	Bdsk-Url-1 = {http://courses.washington.edu/biomechs/handouts/Lentink.pdf}}

@article{Tobalske:2001,
	Abstract = {Body size, pectoralis composition, aspect ratio of the wing, and forward speed affect the use of intermittent flight in birds. During intermittent non-flapping phases, birds extend their wings and glide or flex their wings and bound. },
	Author = {Tobalske, Bret W.},
	Date-Added = {2010-04-21 11:10:14 -0700},
	Date-Modified = {2010-04-21 11:10:14 -0700},
	Journal = {Amer. Zool.},
	Local-Url = {file://localhost/Users/dennisevangelista/Documents/Papers/2001/Tobalske/Integr.%20Comp.%20Biol.%202001%20Tobalske.pdf},
	Month = {Jan},
	Pages = {177--187},
	Pmid = {13885221404333535826related:UnLz2Ew3ssAJ},
	Rating = {0},
	Read = {Yes},
	Title = {Morphology, Velocity, and Intermittent Flight in Birds},
	Uri = {papers://7745578F-AF22-43C6-9381-71DCABA46510/Paper/p599},
	Url = {http://intl-icb.oxfordjournals.org/cgi/content/abstract/41/2/177},
	Volume = {41},
	Year = {2001},
	Bdsk-File-1 = {YnBsaXN0MDDUAQIDBAUIJidUJHRvcFgkb2JqZWN0c1gkdmVyc2lvblkkYXJjaGl2ZXLRBgdUcm9vdIABqAkKFRYXGyIjVSRudWxs0wsMDQ4RFFpOUy5vYmplY3RzV05TLmtleXNWJGNsYXNzog8QgASABqISE4ACgAOAB1lhbGlhc0RhdGFccmVsYXRpdmVQYXRo0hgNGRpXTlMuZGF0YU8RAhwAAAAAAhwAAgAADE1hY2ludG9zaCBIRAAAAAAAAAAAAAAAAAAAAMNhm/VIKwAAASBDWR9JbnRlZ3IuIENvbXAuIEJpb2wuIDIjQzA3NDMucGRmAAAAAAAAAAAAAAAAAAAAAAAAAAAAAAAAAAAAAAAAAAAADAdDvpadXgAAAAAAAAAAAAIABQAACSAAAAAAAAAAAAAAAAAAAAAIVG9iYWxza2UAEAAIAADDYgx1AAAAEQAIAAC+lv/OAAAAAQAYASBDWQAMBukADANOAAvf2gAL34UAAHlrAAIAY01hY2ludG9zaCBIRDpVc2VyczpkZW5uaXNldmFuZ2VsaXN0YTpEb2N1bWVudHM6UGFwZXJzOjIwMDE6VG9iYWxza2U6SW50ZWdyLiBDb21wLiBCaW9sLiAyI0MwNzQzLnBkZgAADgBMACUASQBuAHQAZQBnAHIALgAgAEMAbwBtAHAALgAgAEIAaQBvAGwALgAgADIAMAAwADEAIABUAG8AYgBhAGwAcwBrAGUALgBwAGQAZgAPABoADABNAGEAYwBpAG4AdABvAHMAaAAgAEgARAASAFxVc2Vycy9kZW5uaXNldmFuZ2VsaXN0YS9Eb2N1bWVudHMvUGFwZXJzLzIwMDEvVG9iYWxza2UvSW50ZWdyLiBDb21wLiBCaW9sLiAyMDAxIFRvYmFsc2tlLnBkZgATAAEvAAAVAAIAGP//AACABdIcHR4fWCRjbGFzc2VzWiRjbGFzc25hbWWjHyAhXU5TTXV0YWJsZURhdGFWTlNEYXRhWE5TT2JqZWN0XxBKLi4vLi4vRG9jdW1lbnRzL1BhcGVycy8yMDAxL1RvYmFsc2tlL0ludGVnci4gQ29tcC4gQmlvbC4gMjAwMSBUb2JhbHNrZS5wZGbSHB0kJaIlIVxOU0RpY3Rpb25hcnkSAAGGoF8QD05TS2V5ZWRBcmNoaXZlcgAIABEAFgAfACgAMgA1ADoAPABFAEsAUgBdAGUAbABvAHEAcwB2AHgAegB8AIYAkwCYAKACwALCAscC0ALbAt8C7QL0Av0DSgNPA1IDXwNkAAAAAAAAAgEAAAAAAAAAKAAAAAAAAAAAAAAAAAAAA3Y=},
	Bdsk-Url-1 = {http://intl-icb.oxfordjournals.org/cgi/content/abstract/41/2/177}}

@article{McGuire:2007,
	Author = {McGuire, James A. and Witt, Christopher C. and Altshuler, Douglas L. and Remsen, Jr., J. V.},
	Date-Added = {2010-04-21 11:10:14 -0700},
	Date-Modified = {2010-04-21 11:10:14 -0700},
	Doi = {10.1080/10635150701656360},
	Journal = {Syst Biol},
	Local-Url = {file://localhost/Users/dennisevangelista/Documents/Papers/2007/McGuire/Syst%20Biol%202007%20McGuire-1.pdf},
	Month = {Oct},
	Number = {5},
	Pages = {837--856},
	Pii = {782955718},
	Rating = {0},
	Read = {Yes},
	Title = {Phylogenetic Systematics and Biogeography of Hummingbirds: Bayesian and Maximum Likelihood Analyses of Partitioned Data and Selection of an Appropriate Partitioning Strategy},
	Uri = {papers://7745578F-AF22-43C6-9381-71DCABA46510/Paper/p5363},
	Volume = {56},
	Year = {2007},
	Bdsk-File-1 = {YnBsaXN0MDDUAQIDBAUIJidUJHRvcFgkb2JqZWN0c1gkdmVyc2lvblkkYXJjaGl2ZXLRBgdUcm9vdIABqAkKFRYXGyIjVSRudWxs0wsMDQ4RFFpOUy5vYmplY3RzV05TLmtleXNWJGNsYXNzog8QgASABqISE4ACgAOAB1lhbGlhc0RhdGFccmVsYXRpdmVQYXRo0hgNGRpXTlMuZGF0YU8RAfwAAAAAAfwAAgAADE1hY2ludG9zaCBIRAAAAAAAAAAAAAAAAAAAAMNhm/VIKwAAA9LgmxxTeXN0IEJpb2wgMjAwNyBNY0d1aXJlLTEucGRmAAAAAAAAAAAAAAAAAAAAAAAAAAAAAAAAAAAAAAAAAAAAAAAD0uCcxT5GOAAAAAAAAAAAAAIABQAACSAAAAAAAAAAAAAAAAAAAAAHTWNndWlyZQAAEAAIAADDYgx1AAAAEQAIAADFPra4AAAAAQAYA9LgmwAMDj0ADANOAAvf2gAL34UAAHlrAAIAX01hY2ludG9zaCBIRDpVc2VyczpkZW5uaXNldmFuZ2VsaXN0YTpEb2N1bWVudHM6UGFwZXJzOjIwMDc6TWNndWlyZTpTeXN0IEJpb2wgMjAwNyBNY0d1aXJlLTEucGRmAAAOADoAHABTAHkAcwB0ACAAQgBpAG8AbAAgADIAMAAwADcAIABNAGMARwB1AGkAcgBlAC0AMQAuAHAAZABmAA8AGgAMAE0AYQBjAGkAbgB0AG8AcwBoACAASABEABIAUlVzZXJzL2Rlbm5pc2V2YW5nZWxpc3RhL0RvY3VtZW50cy9QYXBlcnMvMjAwNy9NY0d1aXJlL1N5c3QgQmlvbCAyMDA3IE1jR3VpcmUtMS5wZGYAEwABLwAAFQACABj//wAAgAXSHB0eH1gkY2xhc3Nlc1okY2xhc3NuYW1lox8gIV1OU011dGFibGVEYXRhVk5TRGF0YVhOU09iamVjdF8QQC4uLy4uL0RvY3VtZW50cy9QYXBlcnMvMjAwNy9NY0d1aXJlL1N5c3QgQmlvbCAyMDA3IE1jR3VpcmUtMS5wZGbSHB0kJaIlIVxOU0RpY3Rpb25hcnkSAAGGoF8QD05TS2V5ZWRBcmNoaXZlcgAIABEAFgAfACgAMgA1ADoAPABFAEsAUgBdAGUAbABvAHEAcwB2AHgAegB8AIYAkwCYAKACoAKiAqcCsAK7Ar8CzQLUAt0DIAMlAygDNQM6AAAAAAAAAgEAAAAAAAAAKAAAAAAAAAAAAAAAAAAAA0w=},
	Bdsk-Url-1 = {http://dx.doi.org/10.1080/10635150701656360}}

@article{Kingsolver:1994,
	Author = {Kingsolver, Joel. G. and Koehl, Mimi A. R.},
	Date-Added = {2010-04-21 11:10:14 -0700},
	Date-Modified = {2010-04-21 11:10:14 -0700},
	Journal = {Annual Review of Entomology},
	Local-Url = {file://localhost/Users/dennisevangelista/Documents/Papers/1994/Kingsolver/Annual%20Review%20of%20Entomology%201994%20Kingsolver.pdf},
	Month = {Jun},
	Pages = {425--451},
	Rating = {5},
	Read = {Yes},
	Title = {Selective factors in the evolution of insect wings},
	Uri = {papers://7745578F-AF22-43C6-9381-71DCABA46510/Paper/p2636},
	Volume = {39},
	Year = {1994},
	Bdsk-File-1 = {YnBsaXN0MDDUAQIDBAUIJidUJHRvcFgkb2JqZWN0c1gkdmVyc2lvblkkYXJjaGl2ZXLRBgdUcm9vdIABqAkKFRYXGyIjVSRudWxs0wsMDQ4RFFpOUy5vYmplY3RzV05TLmtleXNWJGNsYXNzog8QgASABqISE4ACgAOAB1lhbGlhc0RhdGFccmVsYXRpdmVQYXRo0hgNGRpXTlMuZGF0YU8RAkAAAAAAAkAAAgAADE1hY2ludG9zaCBIRAAAAAAAAAAAAAAAAAAAAMNhm/VIKwAAAAwFNx9Bbm51YWwgUmV2aWV3IG9mIEVuIzE1MDlFRDUucGRmAAAAAAAAAAAAAAAAAAAAAAAAAAAAAAAAAAAAAAAAAAABUJ7Vw9C8tgAAAAAAAAAAAAIABQAACSAAAAAAAAAAAAAAAAAAAAAKS2luZ3NvbHZlcgAQAAgAAMNiDHUAAAARAAgAAMPRLTYAAAABABgADAU3AAwFMgAMA04AC9/aAAvfhQAAeWsAAgBlTWFjaW50b3NoIEhEOlVzZXJzOmRlbm5pc2V2YW5nZWxpc3RhOkRvY3VtZW50czpQYXBlcnM6MTk5NDpLaW5nc29sdmVyOkFubnVhbCBSZXZpZXcgb2YgRW4jMTUwOUVENS5wZGYAAA4AYAAvAEEAbgBuAHUAYQBsACAAUgBlAHYAaQBlAHcAIABvAGYAIABFAG4AdABvAG0AbwBsAG8AZwB5ACAAMQA5ADkANAAgAEsAaQBuAGcAcwBvAGwAdgBlAHIALgBwAGQAZgAPABoADABNAGEAYwBpAG4AdABvAHMAaAAgAEgARAASAGhVc2Vycy9kZW5uaXNldmFuZ2VsaXN0YS9Eb2N1bWVudHMvUGFwZXJzLzE5OTQvS2luZ3NvbHZlci9Bbm51YWwgUmV2aWV3IG9mIEVudG9tb2xvZ3kgMTk5NCBLaW5nc29sdmVyLnBkZgATAAEvAAAVAAIAGP//AACABdIcHR4fWCRjbGFzc2VzWiRjbGFzc25hbWWjHyAhXU5TTXV0YWJsZURhdGFWTlNEYXRhWE5TT2JqZWN0XxBWLi4vLi4vRG9jdW1lbnRzL1BhcGVycy8xOTk0L0tpbmdzb2x2ZXIvQW5udWFsIFJldmlldyBvZiBFbnRvbW9sb2d5IDE5OTQgS2luZ3NvbHZlci5wZGbSHB0kJaIlIVxOU0RpY3Rpb25hcnkSAAGGoF8QD05TS2V5ZWRBcmNoaXZlcgAIABEAFgAfACgAMgA1ADoAPABFAEsAUgBdAGUAbABvAHEAcwB2AHgAegB8AIYAkwCYAKAC5ALmAusC9AL/AwMDEQMYAyEDegN/A4IDjwOUAAAAAAAAAgEAAAAAAAAAKAAAAAAAAAAAAAAAAAAAA6Y=}}

@article{Newman:1958,
	Abstract = {INTRODUCTION In 1950 Raspet published an interesting paper giving the glide performance of the black vulture (Coragyps atratus atratus). The sinking speed of several birds of this species was measured by flying in formation with },
	Author = {Newman, B. G.},
	Date-Added = {2010-04-21 11:10:14 -0700},
	Date-Modified = {2010-04-21 11:10:14 -0700},
	Journal = {J. Exp. Biol.},
	Local-Url = {file://localhost/Users/dennisevangelista/Documents/Papers/1958/NEWMAN/J.%20Exp.%20Biol.%201958%20NEWMAN.pdf},
	Month = {Jan},
	Pages = {280--285},
	Pmid = {4326198259404023113related:SaWwT2W-CTwJ},
	Rating = {0},
	Read = {Yes},
	Title = {Soaring and gliding flight of the {B}lack {V}ulture},
	Uri = {papers://7745578F-AF22-43C6-9381-71DCABA46510/Paper/p2856},
	Url = {http://jeb.biologists.org/cgi/content/abstract/35/2/280},
	Volume = {35},
	Year = {1958},
	Bdsk-File-1 = {YnBsaXN0MDDUAQIDBAUIJidUJHRvcFgkb2JqZWN0c1gkdmVyc2lvblkkYXJjaGl2ZXLRBgdUcm9vdIABqAkKFRYXGyIjVSRudWxs0wsMDQ4RFFpOUy5vYmplY3RzV05TLmtleXNWJGNsYXNzog8QgASABqISE4ACgAOAB1lhbGlhc0RhdGFccmVsYXRpdmVQYXRo0hgNGRpXTlMuZGF0YU8RAfwAAAAAAfwAAgAADE1hY2ludG9zaCBIRAAAAAAAAAAAAAAAAAAAAMNhm/VIKwAAAjslcB1KLiBFeHAuIEJpb2wuIDE5NTggTkVXTUFOLnBkZgAAAAAAAAAAAAAAAAAAAAAAAAAAAAAAAAAAAAAAAAAAAAACOyVVw/VgGAAAAAAAAAAAAAIABQAACSAAAAAAAAAAAAAAAAAAAAAGTkVXTUFOABAACAAAw2IMdQAAABEACAAAw/XQmAAAAAEAGAI7JXAADAO9AAwDTgAL39oAC9+FAAB5awACAF9NYWNpbnRvc2ggSEQ6VXNlcnM6ZGVubmlzZXZhbmdlbGlzdGE6RG9jdW1lbnRzOlBhcGVyczoxOTU4Ok5FV01BTjpKLiBFeHAuIEJpb2wuIDE5NTggTkVXTUFOLnBkZgAADgA8AB0ASgAuACAARQB4AHAALgAgAEIAaQBvAGwALgAgADEAOQA1ADgAIABOAEUAVwBNAEEATgAuAHAAZABmAA8AGgAMAE0AYQBjAGkAbgB0AG8AcwBoACAASABEABIAUlVzZXJzL2Rlbm5pc2V2YW5nZWxpc3RhL0RvY3VtZW50cy9QYXBlcnMvMTk1OC9ORVdNQU4vSi4gRXhwLiBCaW9sLiAxOTU4IE5FV01BTi5wZGYAEwABLwAAFQACABj//wAAgAXSHB0eH1gkY2xhc3Nlc1okY2xhc3NuYW1lox8gIV1OU011dGFibGVEYXRhVk5TRGF0YVhOU09iamVjdF8QQC4uLy4uL0RvY3VtZW50cy9QYXBlcnMvMTk1OC9ORVdNQU4vSi4gRXhwLiBCaW9sLiAxOTU4IE5FV01BTi5wZGbSHB0kJaIlIVxOU0RpY3Rpb25hcnkSAAGGoF8QD05TS2V5ZWRBcmNoaXZlcgAIABEAFgAfACgAMgA1ADoAPABFAEsAUgBdAGUAbABvAHEAcwB2AHgAegB8AIYAkwCYAKACoAKiAqcCsAK7Ar8CzQLUAt0DIAMlAygDNQM6AAAAAAAAAgEAAAAAAAAAKAAAAAAAAAAAAAAAAAAAA0w=},
	Bdsk-Url-1 = {http://jeb.biologists.org/cgi/content/abstract/35/2/280}}

@article{Hamilton:1965,
	Author = {Hamilton, {III}, William J.},
	Date-Added = {2010-04-21 11:10:14 -0700},
	Date-Modified = {2010-04-21 11:10:14 -0700},
	Journal = {The Wilson Bulletin},
	Local-Url = {file://localhost/Users/dennisevangelista/Documents/Papers/1965/Hamilton/The%20Wilson%20Bulletin%201965%20Hamilton.pdf},
	Month = {May},
	Number = {1},
	Pages = {38--44},
	Rating = {0},
	Read = {Yes},
	Title = {Sun-oriented display of the {A}nna's {H}ummingbird},
	Uri = {papers://7745578F-AF22-43C6-9381-71DCABA46510/Paper/p6271},
	Volume = {77},
	Year = {1965},
	Bdsk-File-1 = {YnBsaXN0MDDUAQIDBAUIJidUJHRvcFgkb2JqZWN0c1gkdmVyc2lvblkkYXJjaGl2ZXLRBgdUcm9vdIABqAkKFRYXGyIjVSRudWxs0wsMDQ4RFFpOUy5vYmplY3RzV05TLmtleXNWJGNsYXNzog8QgASABqISE4ACgAOAB1lhbGlhc0RhdGFccmVsYXRpdmVQYXRo0hgNGRpXTlMuZGF0YU8RAhwAAAAAAhwAAgAADE1hY2ludG9zaCBIRAAAAAAAAAAAAAAAAAAAAMNhm/VIKwAACysDwx9UaGUgV2lsc29uIEJ1bGxldGluI0IyQjAzQjMucGRmAAAAAAAAAAAAAAAAAAAAAAAAAAAAAAAAAAAAAAAAAAALKwOzxkrEQAAAAAAAAAAAAAIABQAACSAAAAAAAAAAAAAAAAAAAAAISGFtaWx0b24AEAAIAADDYgx1AAAAEQAIAADGSyawAAAAAQAYCysDwwAMA84ADANOAAvf2gAL34UAAHlrAAIAY01hY2ludG9zaCBIRDpVc2VyczpkZW5uaXNldmFuZ2VsaXN0YTpEb2N1bWVudHM6UGFwZXJzOjE5NjU6SGFtaWx0b246VGhlIFdpbHNvbiBCdWxsZXRpbiNCMkIwM0IzLnBkZgAADgBMACUAVABoAGUAIABXAGkAbABzAG8AbgAgAEIAdQBsAGwAZQB0AGkAbgAgADEAOQA2ADUAIABIAGEAbQBpAGwAdABvAG4ALgBwAGQAZgAPABoADABNAGEAYwBpAG4AdABvAHMAaAAgAEgARAASAFxVc2Vycy9kZW5uaXNldmFuZ2VsaXN0YS9Eb2N1bWVudHMvUGFwZXJzLzE5NjUvSGFtaWx0b24vVGhlIFdpbHNvbiBCdWxsZXRpbiAxOTY1IEhhbWlsdG9uLnBkZgATAAEvAAAVAAIAGP//AACABdIcHR4fWCRjbGFzc2VzWiRjbGFzc25hbWWjHyAhXU5TTXV0YWJsZURhdGFWTlNEYXRhWE5TT2JqZWN0XxBKLi4vLi4vRG9jdW1lbnRzL1BhcGVycy8xOTY1L0hhbWlsdG9uL1RoZSBXaWxzb24gQnVsbGV0aW4gMTk2NSBIYW1pbHRvbi5wZGbSHB0kJaIlIVxOU0RpY3Rpb25hcnkSAAGGoF8QD05TS2V5ZWRBcmNoaXZlcgAIABEAFgAfACgAMgA1ADoAPABFAEsAUgBdAGUAbABvAHEAcwB2AHgAegB8AIYAkwCYAKACwALCAscC0ALbAt8C7QL0Av0DSgNPA1IDXwNkAAAAAAAAAgEAAAAAAAAAKAAAAAAAAAAAAAAAAAAAA3Y=}}

@article{Paskins:2007,
	Abstract = {Flying squirrels are well known for their ability to glide between trees at the top of a forest canopy. We present experimental performance and behavioural evidence that flight in flying squirrels may have evolved out of a need to control landing forces. Northern flying squirrels were filmed jumping from a horizontal branch to a much larger vertical pole. These were both slightly compliant (less than 1.9 mm N(-1)), and instrumented using strain gauges so that forces could be measured. Take-off and landing forces were both positively correlated with horizontal range between 0.5 and 2.5 m (r=0.355 and r=0.811, respectively, P<0.05), but not significantly different to each other at each range tested. Take-off forces ranged from 1 to 10 bodyweights, and landing forces were between 3 and 10 bodyweights. Glide angles increased rapidly with horizontal range, approaching 45 degrees at 3 m, above which they gradually decreased, suggesting that northern flying squirrels are optimised for long distance travel. We show that northern flying squirrels initiate full gliding posture at ranges of less than 1 m, without landing any higher than an equivalent ballistic projectile. However, this gliding posture enables them to pitch upwards, potentially stalling the wing, and spreads the landing reaction force over all four extended limbs. At steeper approach angles of close to 45 degrees , flying squirrels were unable to pitch up sufficiently and landed forelimbs first, consequently sustaining higher impact forces. We investigate four hypotheses to explain the origin of flight in these animals and conclude that the need to reduce landing impact forces was most likely to have stimulated the development of aerial control in flying squirrels.},
	Affiliation = {Centre for Biomimetic and Natural Technologies, Department of Mechanical Engineering, University of Bath, Bath, BA2 7AY, UK. K.E.Paskins@bath.ac.uk},
	Author = {Paskins, Keith. E. and Bowyer, Adrian and Megill, William M. and Scheibe, John S.},
	Date-Added = {2010-04-21 11:10:14 -0700},
	Date-Modified = {2010-04-21 11:10:14 -0700},
	Doi = {10.1242/jeb.02747},
	Journal = {J. Exp. Biol.},
	Language = {English},
	Local-Url = {file://localhost/Users/dennisevangelista/Documents/Papers/2007/Paskins/J.%20Exp.%20Biol.%202007%20Paskins.pdf},
	Month = {Apr},
	Pages = {1413--1423},
	Pii = {210/8/1413},
	Pmid = {17401124},
	Rating = {5},
	Read = {Yes},
	Title = {Take-off and landing forces and the evolution of controlled gliding in northern flying squirrels \emph{{G}laucomys sabrinus}},
	Uri = {papers://7745578F-AF22-43C6-9381-71DCABA46510/Paper/p543},
	Volume = {210},
	Year = {2007},
	Bdsk-File-1 = {YnBsaXN0MDDUAQIDBAUIJidUJHRvcFgkb2JqZWN0c1gkdmVyc2lvblkkYXJjaGl2ZXLRBgdUcm9vdIABqAkKFRYXGyIjVSRudWxs0wsMDQ4RFFpOUy5vYmplY3RzV05TLmtleXNWJGNsYXNzog8QgASABqISE4ACgAOAB1lhbGlhc0RhdGFccmVsYXRpdmVQYXRo0hgNGRpXTlMuZGF0YU8RAgQAAAAAAgQAAgAADE1hY2ludG9zaCBIRAAAAAAAAAAAAAAAAAAAAMNhm/VIKwAAAAwPaB5KLiBFeHAuIEJpb2wuIDIwMDcgUGFza2lucy5wZGYAAAAAAAAAAAAAAAAAAAAAAAAAAAAAAAAAAAAAAAAAAAAADA9pwjUVsQAAAAAAAAAAAAIABQAACSAAAAAAAAAAAAAAAAAAAAAHUGFza2lucwAAEAAIAADDYgx1AAAAEQAIAADCNXghAAAAAQAYAAwPaAAMDj0ADANOAAvf2gAL34UAAHlrAAIAYU1hY2ludG9zaCBIRDpVc2VyczpkZW5uaXNldmFuZ2VsaXN0YTpEb2N1bWVudHM6UGFwZXJzOjIwMDc6UGFza2luczpKLiBFeHAuIEJpb2wuIDIwMDcgUGFza2lucy5wZGYAAA4APgAeAEoALgAgAEUAeABwAC4AIABCAGkAbwBsAC4AIAAyADAAMAA3ACAAUABhAHMAawBpAG4AcwAuAHAAZABmAA8AGgAMAE0AYQBjAGkAbgB0AG8AcwBoACAASABEABIAVFVzZXJzL2Rlbm5pc2V2YW5nZWxpc3RhL0RvY3VtZW50cy9QYXBlcnMvMjAwNy9QYXNraW5zL0ouIEV4cC4gQmlvbC4gMjAwNyBQYXNraW5zLnBkZgATAAEvAAAVAAIAGP//AACABdIcHR4fWCRjbGFzc2VzWiRjbGFzc25hbWWjHyAhXU5TTXV0YWJsZURhdGFWTlNEYXRhWE5TT2JqZWN0XxBCLi4vLi4vRG9jdW1lbnRzL1BhcGVycy8yMDA3L1Bhc2tpbnMvSi4gRXhwLiBCaW9sLiAyMDA3IFBhc2tpbnMucGRm0hwdJCWiJSFcTlNEaWN0aW9uYXJ5EgABhqBfEA9OU0tleWVkQXJjaGl2ZXIACAARABYAHwAoADIANQA6ADwARQBLAFIAXQBlAGwAbwBxAHMAdgB4AHoAfACGAJMAmACgAqgCqgKvArgCwwLHAtUC3ALlAyoDLwMyAz8DRAAAAAAAAAIBAAAAAAAAACgAAAAAAAAAAAAAAAAAAANW},
	Bdsk-Url-1 = {http://dx.doi.org/10.1242/jeb.02747}}

@article{Clark:2008,
	Author = {Clark, Christopher James and Feo, Teresa J.},
	Date-Added = {2010-04-21 11:10:14 -0700},
	Date-Modified = {2010-04-21 11:10:14 -0700},
	Doi = {doi:10.1098/rspb.2007.1619},
	Journal = {Proc. R. Soc. B},
	Local-Url = {file://localhost/Users/dennisevangelista/Documents/Papers/2008/Clark/Proc.%20R.%20Soc.%20B%202008%20Clark.pdf},
	Month = {Jul},
	Pages = {955--962},
	Rating = {0},
	Read = {Yes},
	Title = {The {A}nna's {H}ummingbird chirps with its tail: a new mechanism of sonation in birds},
	Uri = {papers://7745578F-AF22-43C6-9381-71DCABA46510/Paper/p6269},
	Volume = {275},
	Year = {2008},
	Bdsk-File-1 = {YnBsaXN0MDDUAQIDBAUIJidUJHRvcFgkb2JqZWN0c1gkdmVyc2lvblkkYXJjaGl2ZXLRBgdUcm9vdIABqAkKFRYXGyIjVSRudWxs0wsMDQ4RFFpOUy5vYmplY3RzV05TLmtleXNWJGNsYXNzog8QgASABqISE4ACgAOAB1lhbGlhc0RhdGFccmVsYXRpdmVQYXRo0hgNGRpXTlMuZGF0YU8RAf4AAAAAAf4AAgAADE1hY2ludG9zaCBIRAAAAAAAAAAAAAAAAAAAAMNhm/VIKwAACyopxx5Qcm9jLiBSLiBTb2MuIEIgMjAwOCBDbGFyay5wZGYAAAAAAAAAAAAAAAAAAAAAAAAAAAAAAAAAAAAAAAAAAAALKiNFxknuwwAAAAAAAAAAAAIABQAACSAAAAAAAAAAAAAAAAAAAAAFQ2xhcmsAABAACAAAw2IMdQAAABEACAAAxkpRMwAAAAEAGAsqKccAvNYmAAwDTgAL39oAC9+FAAB5awACAF9NYWNpbnRvc2ggSEQ6VXNlcnM6ZGVubmlzZXZhbmdlbGlzdGE6RG9jdW1lbnRzOlBhcGVyczoyMDA4OkNsYXJrOlByb2MuIFIuIFNvYy4gQiAyMDA4IENsYXJrLnBkZgAADgA+AB4AUAByAG8AYwAuACAAUgAuACAAUwBvAGMALgAgAEIAIAAyADAAMAA4ACAAQwBsAGEAcgBrAC4AcABkAGYADwAaAAwATQBhAGMAaQBuAHQAbwBzAGgAIABIAEQAEgBSVXNlcnMvZGVubmlzZXZhbmdlbGlzdGEvRG9jdW1lbnRzL1BhcGVycy8yMDA4L0NsYXJrL1Byb2MuIFIuIFNvYy4gQiAyMDA4IENsYXJrLnBkZgATAAEvAAAVAAIAGP//AACABdIcHR4fWCRjbGFzc2VzWiRjbGFzc25hbWWjHyAhXU5TTXV0YWJsZURhdGFWTlNEYXRhWE5TT2JqZWN0XxBALi4vLi4vRG9jdW1lbnRzL1BhcGVycy8yMDA4L0NsYXJrL1Byb2MuIFIuIFNvYy4gQiAyMDA4IENsYXJrLnBkZtIcHSQloiUhXE5TRGljdGlvbmFyeRIAAYagXxAPTlNLZXllZEFyY2hpdmVyAAgAEQAWAB8AKAAyADUAOgA8AEUASwBSAF0AZQBsAG8AcQBzAHYAeAB6AHwAhgCTAJgAoAKiAqQCqQKyAr0CwQLPAtYC3wMiAycDKgM3AzwAAAAAAAACAQAAAAAAAAAoAAAAAAAAAAAAAAAAAAADTg==},
	Bdsk-Url-1 = {http://dx.doi.org/10.1098/rspb.2007.1619}}

@phdthesis{McCay:2001a,
	Affiliation = {UC Berkeley},
	Author = {McCay, Michael Glenn},
	Date-Added = {2010-04-21 11:10:14 -0700},
	Date-Modified = {2010-04-21 11:10:14 -0700},
	Local-Url = {file://localhost/Users/dennisevangelista/Documents/Papers/2001/McCay/UC%20Berkeley%20PhD%20Thesis%20in%20Integrative%20Biology%202001%20McCay.pdf},
	Month = {Jul},
	Pages = {264},
	Rating = {5},
	Read = {Yes},
	School = {University of California, Berkeley},
	Title = {The Evolution of Gliding in Neotropical Tree Frogs},
	Uri = {papers://7745578F-AF22-43C6-9381-71DCABA46510/Paper/p3056},
	Year = {2001},
	Bdsk-File-1 = {YnBsaXN0MDDUAQIDBAUIJidUJHRvcFgkb2JqZWN0c1gkdmVyc2lvblkkYXJjaGl2ZXLRBgdUcm9vdIABqAkKFRYXGyIjVSRudWxs0wsMDQ4RFFpOUy5vYmplY3RzV05TLmtleXNWJGNsYXNzog8QgASABqISE4ACgAOAB1lhbGlhc0RhdGFccmVsYXRpdmVQYXRo0hgNGRpXTlMuZGF0YU8RAlgAAAAAAlgAAgAADE1hY2ludG9zaCBIRAAAAAAAAAAAAAAAAAAAAMNhm/VIKwAAAAwHLR9VQyBCZXJrZWxleSBQaEQgVGhlIzJEOThGODUucGRmAAAAAAAAAAAAAAAAAAAAAAAAAAAAAAAAAAAAAAAAAAAC2Y+FxA7lxFBERiBDQVJPAAIABQAACSAAAAAAAAAAAAAAAAAAAAAFTWNDYXkAABAACAAAw2IMdQAAABEACAAAxA9INAAAAAEAGAAMBy0ADAbpAAwDTgAL39oAC9+FAAB5awACAGBNYWNpbnRvc2ggSEQ6VXNlcnM6ZGVubmlzZXZhbmdlbGlzdGE6RG9jdW1lbnRzOlBhcGVyczoyMDAxOk1jQ2F5OlVDIEJlcmtlbGV5IFBoRCBUaGUjMkQ5OEY4NS5wZGYADgB6ADwAVQBDACAAQgBlAHIAawBlAGwAZQB5ACAAUABoAEQAIABUAGgAZQBzAGkAcwAgAGkAbgAgAEkAbgB0AGUAZwByAGEAdABpAHYAZQAgAEIAaQBvAGwAbwBnAHkAIAAyADAAMAAxACAATQBjAEMAYQB5AC4AcABkAGYADwAaAAwATQBhAGMAaQBuAHQAbwBzAGgAIABIAEQAEgBwVXNlcnMvZGVubmlzZXZhbmdlbGlzdGEvRG9jdW1lbnRzL1BhcGVycy8yMDAxL01jQ2F5L1VDIEJlcmtlbGV5IFBoRCBUaGVzaXMgaW4gSW50ZWdyYXRpdmUgQmlvbG9neSAyMDAxIE1jQ2F5LnBkZgATAAEvAAAVAAIAGP//AACABdIcHR4fWCRjbGFzc2VzWiRjbGFzc25hbWWjHyAhXU5TTXV0YWJsZURhdGFWTlNEYXRhWE5TT2JqZWN0XxBeLi4vLi4vRG9jdW1lbnRzL1BhcGVycy8yMDAxL01jQ2F5L1VDIEJlcmtlbGV5IFBoRCBUaGVzaXMgaW4gSW50ZWdyYXRpdmUgQmlvbG9neSAyMDAxIE1jQ2F5LnBkZtIcHSQloiUhXE5TRGljdGlvbmFyeRIAAYagXxAPTlNLZXllZEFyY2hpdmVyAAgAEQAWAB8AKAAyADUAOgA8AEUASwBSAF0AZQBsAG8AcQBzAHYAeAB6AHwAhgCTAJgAoAL8Av4DAwMMAxcDGwMpAzADOQOaA58DogOvA7QAAAAAAAACAQAAAAAAAAAoAAAAAAAAAAAAAAAAAAADxg==}}

@article{Bishop:2006,
	Abstract = {Gliding is the simplest form of flight, yet relatively little is known about its mechanics in animals. The goal of this study was to describe the body position and performance of a gliding mammal and to identify correlates between kinematics and aerodynamic performance. To do this, I used a pair of high-speed digital cameras to record a portion of the middle of glides by southern flying squirrels, Glaucomys volans. The squirrels launched from a height of 4 m and landed on a vertical pole. Reflective markers were applied to anatomical landmarks and the 3-D coordinates of these points were computed to describe the kinematics of the glides. From these data I estimated the lift and drag generated during the glide, and correlated these variables with gliding performance as measured by glide angle, glide speed and stability. In the majority of the glide sequences the squirrels accelerated in the downward direction and accelerated horizontally forward as they moved through the calibrated volume in the middle of the glide trajectory, rather than exhibiting a steady glide in which the body weight is balanced by the resultant aerodynamic force. Compared to human engineered airfoils, the angles of attack used by the squirrels were unexpectedly high, ranging from 35.4 degrees to 53.5 degrees , far above the angle of attack at which an aircraft wing would typically stall. As expected based on aerodynamic theory, there was a negative correlation between angle of attack and lift coefficient, indicating that the wings are stalled, and a positive correlation between angle of attack and drag coefficient. Also as expected, there was a negative correlation between lift-to-drag ratio and angle of attack, as increasing angle of attack produced both less lift and more drag. Within glides, there was a strong correlation between nose-down pitching rotations and limb movements that tended to increase the angle of attack of the wing membrane, suggesting that the animals actively control their pitch by moving their limbs. The squirrels used much steeper glide angles than those reported for other gliding animals, ranging from 40.4 degrees to 57.4 degrees . It is likely that this is because they did not launch from a great enough height to reach their minimum glide angle. In some trials the glide angle increased over the captured portion of the glide, whereas in others it decreased, and the magnitude of the changes varied substantially, rendering it difficult to ascertain which portion of the glide trajectory was represented. Decreases in glide angle were strongly correlated with increases in lift coefficient, but were uncorrelated with drag coefficient.},
	Affiliation = {Department of Ecology and Evolutionary Biology, Brown University, Providence, RI 02912, USA. Kristin_Bishop@brown.edu},
	Author = {Bishop, Kristin L.},
	Date-Added = {2010-04-21 11:10:14 -0700},
	Date-Modified = {2010-04-21 11:10:14 -0700},
	Doi = {10.1242/jeb.02062},
	Journal = {J. Exp. Biol.},
	Keywords = {Biomechanics, Animals, Flight, Animal, Sciuridae},
	Language = {English},
	Local-Url = {file://localhost/Users/dennisevangelista/Documents/Papers/2006/Bishop/J.%20Exp.%20Biol.%202006%20Bishop.pdf},
	Month = {Feb},
	Pages = {689--701},
	Pii = {209/4/689},
	Pmid = {16449563},
	Rating = {0},
	Read = {Yes},
	Title = {The relationship between 3-{D} kinematics and gliding performance in the southern flying squirrel, \emph{{G}laucomys volans}},
	Uri = {papers://7745578F-AF22-43C6-9381-71DCABA46510/Paper/p870},
	Volume = {209},
	Year = {2006},
	Bdsk-File-1 = {YnBsaXN0MDDUAQIDBAUIJidUJHRvcFgkb2JqZWN0c1gkdmVyc2lvblkkYXJjaGl2ZXLRBgdUcm9vdIABqAkKFRYXGyIjVSRudWxs0wsMDQ4RFFpOUy5vYmplY3RzV05TLmtleXNWJGNsYXNzog8QgASABqISE4ACgAOAB1lhbGlhc0RhdGFccmVsYXRpdmVQYXRo0hgNGRpXTlMuZGF0YU8RAfwAAAAAAfwAAgAADE1hY2ludG9zaCBIRAAAAAAAAAAAAAAAAAAAAMNhm/VIKwAAAAwMXx1KLiBFeHAuIEJpb2wuIDIwMDYgQmlzaG9wLnBkZgAAAAAAAAAAAAAAAAAAAAAAAAAAAAAAAAAAAAAAAAAAAAAADAxgwApW8QAAAAAAAAAAAAIABQAACSAAAAAAAAAAAAAAAAAAAAAGQmlzaG9wABAACAAAw2IMdQAAABEACAAAwArHcQAAAAEAGAAMDF8ADAxDAAwDTgAL39oAC9+FAAB5awACAF9NYWNpbnRvc2ggSEQ6VXNlcnM6ZGVubmlzZXZhbmdlbGlzdGE6RG9jdW1lbnRzOlBhcGVyczoyMDA2OkJpc2hvcDpKLiBFeHAuIEJpb2wuIDIwMDYgQmlzaG9wLnBkZgAADgA8AB0ASgAuACAARQB4AHAALgAgAEIAaQBvAGwALgAgADIAMAAwADYAIABCAGkAcwBoAG8AcAAuAHAAZABmAA8AGgAMAE0AYQBjAGkAbgB0AG8AcwBoACAASABEABIAUlVzZXJzL2Rlbm5pc2V2YW5nZWxpc3RhL0RvY3VtZW50cy9QYXBlcnMvMjAwNi9CaXNob3AvSi4gRXhwLiBCaW9sLiAyMDA2IEJpc2hvcC5wZGYAEwABLwAAFQACABj//wAAgAXSHB0eH1gkY2xhc3Nlc1okY2xhc3NuYW1lox8gIV1OU011dGFibGVEYXRhVk5TRGF0YVhOU09iamVjdF8QQC4uLy4uL0RvY3VtZW50cy9QYXBlcnMvMjAwNi9CaXNob3AvSi4gRXhwLiBCaW9sLiAyMDA2IEJpc2hvcC5wZGbSHB0kJaIlIVxOU0RpY3Rpb25hcnkSAAGGoF8QD05TS2V5ZWRBcmNoaXZlcgAIABEAFgAfACgAMgA1ADoAPABFAEsAUgBdAGUAbABvAHEAcwB2AHgAegB8AIYAkwCYAKACoAKiAqcCsAK7Ar8CzQLUAt0DIAMlAygDNQM6AAAAAAAAAgEAAAAAAAAAKAAAAAAAAAAAAAAAAAAAA0w=},
	Bdsk-Url-1 = {http://dx.doi.org/10.1242/jeb.02062}}

@article{Tobalske:2007,
	Abstract = {Hummingbirds are specialized for hovering flight, and substantial research has explored this behavior. Forward flight is also important to hummingbirds, but the manner in which they perform forward flight is not well documented. Previous research suggests that hummingbirds increase flight velocity by simultaneously tilting their body angle and stroke-plane angle of the wings, without varying wingbeat frequency and upstroke: downstroke span ratio. We hypothesized that other wing kinematics besides stroke-plane angle would vary in hummingbirds. To test this, we used synchronized high-speed (500 Hz) video cameras and measured the three-dimensional wing and body kinematics of rufous hummingbirds (Selasphorus rufus, 3 g, N=5) as they flew at velocities of 0-12 m s(-1) in a wind tunnel. Consistent with earlier research, the angles of the body and the stroke plane changed with velocity, and the effect of velocity on wingbeat frequency was not significant. However, hummingbirds significantly altered other wing kinematics including chord angle, angle of attack, anatomical stroke-plane angle relative to their body, percent of wingbeat in downstroke, wingbeat amplitude, angular velocity of the wing, wingspan at mid-downstroke, and span ratio of the wingtips and wrists. This variation in bird-centered kinematics led to significant effects of flight velocity on the angle of attack of the wing and the area and angles of the global stroke planes during downstroke and upstroke. We provide new evidence that the paths of the wingtips and wrists change gradually but consistently with velocity, as in other bird species that possess pointed wings. Although hummingbirds flex their wings slightly at the wrist during upstroke, their average wingtip-span ratio of 93% revealed that they have kinematically ;rigid' wings compared with other avian species.},
	Affiliation = {Department of Biology, University of Portland, 5000 N. Willamette Boulevard, Portland, OR 97203, USA.},
	Author = {Tobalske, Bret W. and Warrick, Douglas R. and Clark, Christopher James and Powers, Donald R. and Hedrick, Tyson L. and Hyder, Gabriel A. and Biewener, Andrew A.},
	Date-Added = {2010-04-21 11:10:14 -0700},
	Date-Modified = {2010-04-21 11:10:14 -0700},
	Doi = {10.1242/jeb.005686},
	Journal = {J. Exp. Biol.},
	Language = {English},
	Local-Url = {file://localhost/Users/dennisevangelista/Documents/Papers/2007/Tobalske/J.%20Exp.%20Biol.%202007%20Tobalske.pdf},
	Month = {Jul},
	Pages = {2368--82},
	Pii = {210/13/2368},
	Pmid = {17575042},
	Rating = {3},
	Read = {Yes},
	Title = {Three-dimensional kinematics of hummingbird flight},
	Uri = {papers://7745578F-AF22-43C6-9381-71DCABA46510/Paper/p557},
	Volume = {210},
	Year = {2007},
	Bdsk-File-1 = {YnBsaXN0MDDUAQIDBAUIJidUJHRvcFgkb2JqZWN0c1gkdmVyc2lvblkkYXJjaGl2ZXLRBgdUcm9vdIABqAkKFRYXGyIjVSRudWxs0wsMDQ4RFFpOUy5vYmplY3RzV05TLmtleXNWJGNsYXNzog8QgASABqISE4ACgAOAB1lhbGlhc0RhdGFccmVsYXRpdmVQYXRo0hgNGRpXTlMuZGF0YU8RAgoAAAAAAgoAAgAADE1hY2ludG9zaCBIRAAAAAAAAAAAAAAAAAAAAMNhm/VIKwAAAAwPvR9KLiBFeHAuIEJpb2wuIDIwMDcgVG9iYWxza2UucGRmAAAAAAAAAAAAAAAAAAAAAAAAAAAAAAAAAAAAAAAAAAAADA+/wp8BWwAAAAAAAAAAAAIABQAACSAAAAAAAAAAAAAAAAAAAAAIVG9iYWxza2UAEAAIAADDYgx1AAAAEQAIAADCn2PLAAAAAQAYAAwPvQAMDj0ADANOAAvf2gAL34UAAHlrAAIAY01hY2ludG9zaCBIRDpVc2VyczpkZW5uaXNldmFuZ2VsaXN0YTpEb2N1bWVudHM6UGFwZXJzOjIwMDc6VG9iYWxza2U6Si4gRXhwLiBCaW9sLiAyMDA3IFRvYmFsc2tlLnBkZgAADgBAAB8ASgAuACAARQB4AHAALgAgAEIAaQBvAGwALgAgADIAMAAwADcAIABUAG8AYgBhAGwAcwBrAGUALgBwAGQAZgAPABoADABNAGEAYwBpAG4AdABvAHMAaAAgAEgARAASAFZVc2Vycy9kZW5uaXNldmFuZ2VsaXN0YS9Eb2N1bWVudHMvUGFwZXJzLzIwMDcvVG9iYWxza2UvSi4gRXhwLiBCaW9sLiAyMDA3IFRvYmFsc2tlLnBkZgATAAEvAAAVAAIAGP//AACABdIcHR4fWCRjbGFzc2VzWiRjbGFzc25hbWWjHyAhXU5TTXV0YWJsZURhdGFWTlNEYXRhWE5TT2JqZWN0XxBELi4vLi4vRG9jdW1lbnRzL1BhcGVycy8yMDA3L1RvYmFsc2tlL0ouIEV4cC4gQmlvbC4gMjAwNyBUb2JhbHNrZS5wZGbSHB0kJaIlIVxOU0RpY3Rpb25hcnkSAAGGoF8QD05TS2V5ZWRBcmNoaXZlcgAIABEAFgAfACgAMgA1ADoAPABFAEsAUgBdAGUAbABvAHEAcwB2AHgAegB8AIYAkwCYAKACrgKwArUCvgLJAs0C2wLiAusDMgM3AzoDRwNMAAAAAAAAAgEAAAAAAAAAKAAAAAAAAAAAAAAAAAAAA14=},
	Bdsk-Url-1 = {http://dx.doi.org/10.1242/jeb.005686}}

@article{Altshuler:2009,
	Author = {Altshuler, Douglas L. and Princevac, Marko and Pan, Hansheng and Lozano, Jesse},
	Date-Added = {2010-04-21 11:10:14 -0700},
	Date-Modified = {2010-04-21 11:10:14 -0700},
	Doi = {10.1007/s00348-008-0602-5},
	Journal = {Exp Fluids},
	Local-Url = {file://localhost/Users/dennisevangelista/Documents/Papers/2009/Altshuler/Exp%20Fluids%202009%20Altshuler.pdf},
	Month = {May},
	Number = {5},
	Pages = {835--846},
	Pii = {602},
	Rating = {0},
	Read = {Yes},
	Title = {Wake patterns of the wings and tail of hovering hummingbirds},
	Uri = {papers://7745578F-AF22-43C6-9381-71DCABA46510/Paper/p6232},
	Volume = {46},
	Year = {2009},
	Bdsk-File-1 = {YnBsaXN0MDDUAQIDBAUIJidUJHRvcFgkb2JqZWN0c1gkdmVyc2lvblkkYXJjaGl2ZXLRBgdUcm9vdIABqAkKFRYXGyIjVSRudWxs0wsMDQ4RFFpOUy5vYmplY3RzV05TLmtleXNWJGNsYXNzog8QgASABqISE4ACgAOAB1lhbGlhc0RhdGFccmVsYXRpdmVQYXRo0hgNGRpXTlMuZGF0YU8RAgYAAAAAAgYAAgAADE1hY2ludG9zaCBIRAAAAAAAAAAAAAAAAAAAAMNhm/VIKwAACcow8x1FeHAgRmx1aWRzIDIwMDkgQWx0c2h1bGVyLnBkZgAAAAAAAAAAAAAAAAAAAAAAAAAAAAAAAAAAAAAAAAAAAAAJyjD0xfuLT1BERiBDQVJPAAIABQAACSAAAAAAAAAAAAAAAAAAAAAJQWx0c2h1bGVyAAAQAAgAAMNiDHUAAAARAAgAAMX77b8AAAABABgJyjDzA94fjgAMA04AC9/aAAvfhQAAeWsAAgBiTWFjaW50b3NoIEhEOlVzZXJzOmRlbm5pc2V2YW5nZWxpc3RhOkRvY3VtZW50czpQYXBlcnM6MjAwOTpBbHRzaHVsZXI6RXhwIEZsdWlkcyAyMDA5IEFsdHNodWxlci5wZGYADgA8AB0ARQB4AHAAIABGAGwAdQBpAGQAcwAgADIAMAAwADkAIABBAGwAdABzAGgAdQBsAGUAcgAuAHAAZABmAA8AGgAMAE0AYQBjAGkAbgB0AG8AcwBoACAASABEABIAVVVzZXJzL2Rlbm5pc2V2YW5nZWxpc3RhL0RvY3VtZW50cy9QYXBlcnMvMjAwOS9BbHRzaHVsZXIvRXhwIEZsdWlkcyAyMDA5IEFsdHNodWxlci5wZGYAABMAAS8AABUAAgAY//8AAIAF0hwdHh9YJGNsYXNzZXNaJGNsYXNzbmFtZaMfICFdTlNNdXRhYmxlRGF0YVZOU0RhdGFYTlNPYmplY3RfEEMuLi8uLi9Eb2N1bWVudHMvUGFwZXJzLzIwMDkvQWx0c2h1bGVyL0V4cCBGbHVpZHMgMjAwOSBBbHRzaHVsZXIucGRm0hwdJCWiJSFcTlNEaWN0aW9uYXJ5EgABhqBfEA9OU0tleWVkQXJjaGl2ZXIACAARABYAHwAoADIANQA6ADwARQBLAFIAXQBlAGwAbwBxAHMAdgB4AHoAfACGAJMAmACgAqoCrAKxAroCxQLJAtcC3gLnAy0DMgM1A0IDRwAAAAAAAAIBAAAAAAAAACgAAAAAAAAAAAAAAAAAAANZ},
	Bdsk-Url-1 = {http://dx.doi.org/10.1007/s00348-008-0602-5}}

@article{McGuire:2001,
	Author = {McGuire, James A. and Heang, Kiew Bong},
	Date-Added = {2009-06-02 19:07:01 -0700},
	Date-Modified = {2010-04-21 11:15:00 -0700},
	Journal = {Biological Journal of the Linnean Society},
	Local-Url = {file://localhost/Users/dennisevangelista/Documents/Papers/2001/McGuire/Biological%20Journal%20of%20the%20Linnean%20Society%202001%20McGuire.pdf},
	Month = {Oct},
	Pages = {203--229},
	Rating = {0},
	Title = {Phylogenetic systematics of {S}outheast {A}sian flying lizards ({I}guania: {A}gamidae: \emph{{D}raco}) as inferred from mitochondrial {DNA} sequence data},
	Uri = {papers://7745578F-AF22-43C6-9381-71DCABA46510/Paper/p5907},
	Volume = {72},
	Year = {2001},
	Bdsk-File-1 = {YnBsaXN0MDDUAQIDBAUIJidUJHRvcFgkb2JqZWN0c1gkdmVyc2lvblkkYXJjaGl2ZXLRBgdUcm9vdIABqAkKFRYXGyIjVSRudWxs0wsMDQ4RFFpOUy5vYmplY3RzV05TLmtleXNWJGNsYXNzog8QgASABqISE4ACgAOAB1lhbGlhc0RhdGFccmVsYXRpdmVQYXRo0hgNGRpXTlMuZGF0YU8RAlgAAAAAAlgAAgAADE1hY2ludG9zaCBIRAAAAAAAAAAAAAAAAAAAAMNhm/VIKwAACy5/pB9CaW9sb2dpY2FsIEpvdXJuYWwgIzcxNEQ1MjcucGRmAAAAAAAAAAAAAAAAAAAAAAAAAAAAAAAAAAAAAAAAAAAHFNUnxfz+NAAAAAAAAAAAAAIABQAACSAAAAAAAAAAAAAAAAAAAAAHTWNHdWlyZQAAEAAIAADDYgx1AAAAEQAIAADF/WCkAAAAAQAYCy5/pAAMBukADANOAAvf2gAL34UAAHlrAAIAYk1hY2ludG9zaCBIRDpVc2VyczpkZW5uaXNldmFuZ2VsaXN0YTpEb2N1bWVudHM6UGFwZXJzOjIwMDE6TWNHdWlyZTpCaW9sb2dpY2FsIEpvdXJuYWwgIzcxNEQ1MjcucGRmAA4AdgA6AEIAaQBvAGwAbwBnAGkAYwBhAGwAIABKAG8AdQByAG4AYQBsACAAbwBmACAAdABoAGUAIABMAGkAbgBuAGUAYQBuACAAUwBvAGMAaQBlAHQAeQAgADIAMAAwADEAIABNAGMARwB1AGkAcgBlAC4AcABkAGYADwAaAAwATQBhAGMAaQBuAHQAbwBzAGgAIABIAEQAEgBwVXNlcnMvZGVubmlzZXZhbmdlbGlzdGEvRG9jdW1lbnRzL1BhcGVycy8yMDAxL01jR3VpcmUvQmlvbG9naWNhbCBKb3VybmFsIG9mIHRoZSBMaW5uZWFuIFNvY2lldHkgMjAwMSBNY0d1aXJlLnBkZgATAAEvAAAVAAIAGP//AACABdIcHR4fWCRjbGFzc2VzWiRjbGFzc25hbWWjHyAhXU5TTXV0YWJsZURhdGFWTlNEYXRhWE5TT2JqZWN0XxBeLi4vLi4vRG9jdW1lbnRzL1BhcGVycy8yMDAxL01jR3VpcmUvQmlvbG9naWNhbCBKb3VybmFsIG9mIHRoZSBMaW5uZWFuIFNvY2lldHkgMjAwMSBNY0d1aXJlLnBkZtIcHSQloiUhXE5TRGljdGlvbmFyeRIAAYagXxAPTlNLZXllZEFyY2hpdmVyAAgAEQAWAB8AKAAyADUAOgA8AEUASwBSAF0AZQBsAG8AcQBzAHYAeAB6AHwAhgCTAJgAoAL8Av4DAwMMAxcDGwMpAzADOQOaA58DogOvA7QAAAAAAAACAQAAAAAAAAAoAAAAAAAAAAAAAAAAAAADxg==}}

@article{Kingsolver:1989,
	Author = {Kingsolver, Joel G. and Koehl, Mimi A. R.},
	Date-Added = {2009-06-02 19:07:01 -0700},
	Date-Modified = {2010-04-21 11:13:39 -0700},
	Journal = {Can. J. Zool},
	Local-Url = {file://localhost/Users/dennisevangelista/Documents/Papers/1989/Kingsolver/Can.%20J.%20Zool%201989%20Kingsolver.pdf},
	Month = {Feb},
	Pages = {785--787},
	Rating = {5},
	Title = {Selective factors in the evolution of insects wings: response to {K}ukalova-{P}eck},
	Uri = {papers://7745578F-AF22-43C6-9381-71DCABA46510/Paper/p2638},
	Volume = {67},
	Year = {1989},
	Bdsk-File-1 = {YnBsaXN0MDDUAQIDBAUIJidUJHRvcFgkb2JqZWN0c1gkdmVyc2lvblkkYXJjaGl2ZXLRBgdUcm9vdIABqAkKFRYXGyIjVSRudWxs0wsMDQ4RFFpOUy5vYmplY3RzV05TLmtleXNWJGNsYXNzog8QgASABqISE4ACgAOAB1lhbGlhc0RhdGFccmVsYXRpdmVQYXRo0hgNGRpXTlMuZGF0YU8RAhQAAAAAAhQAAgAADE1hY2ludG9zaCBIRAAAAAAAAAAAAAAAAAAAAMNhm/VIKwAAAVEuQx9DYW4uIEouIFpvb2wgMTk4OSBLIzE1MDlFQzUucGRmAAAAAAAAAAAAAAAAAAAAAAAAAAAAAAAAAAAAAAAAAAABUJ7Fw9C8kQAAAAAAAAAAAAIABQAACSAAAAAAAAAAAAAAAAAAAAAKS2luZ3NvbHZlcgAQAAgAAMNiDHUAAAARAAgAAMPRLREAAAABABgBUS5DAAwE3AAMA04AC9/aAAvfhQAAeWsAAgBlTWFjaW50b3NoIEhEOlVzZXJzOmRlbm5pc2V2YW5nZWxpc3RhOkRvY3VtZW50czpQYXBlcnM6MTk4OTpLaW5nc29sdmVyOkNhbi4gSi4gWm9vbCAxOTg5IEsjMTUwOUVDNS5wZGYAAA4AQgAgAEMAYQBuAC4AIABKAC4AIABaAG8AbwBsACAAMQA5ADgAOQAgAEsAaQBuAGcAcwBvAGwAdgBlAHIALgBwAGQAZgAPABoADABNAGEAYwBpAG4AdABvAHMAaAAgAEgARAASAFlVc2Vycy9kZW5uaXNldmFuZ2VsaXN0YS9Eb2N1bWVudHMvUGFwZXJzLzE5ODkvS2luZ3NvbHZlci9DYW4uIEouIFpvb2wgMTk4OSBLaW5nc29sdmVyLnBkZgAAEwABLwAAFQACABj//wAAgAXSHB0eH1gkY2xhc3Nlc1okY2xhc3NuYW1lox8gIV1OU011dGFibGVEYXRhVk5TRGF0YVhOU09iamVjdF8QRy4uLy4uL0RvY3VtZW50cy9QYXBlcnMvMTk4OS9LaW5nc29sdmVyL0Nhbi4gSi4gWm9vbCAxOTg5IEtpbmdzb2x2ZXIucGRm0hwdJCWiJSFcTlNEaWN0aW9uYXJ5EgABhqBfEA9OU0tleWVkQXJjaGl2ZXIACAARABYAHwAoADIANQA6ADwARQBLAFIAXQBlAGwAbwBxAHMAdgB4AHoAfACGAJMAmACgArgCugK/AsgC0wLXAuUC7AL1Az8DRANHA1QDWQAAAAAAAAIBAAAAAAAAACgAAAAAAAAAAAAAAAAAAANr}}

@article{Dyke:2006,
	Author = {Dyke, G. J and Nudds, R. L and Rayner, Jeremy M. V.},
	Date-Added = {2009-06-02 19:07:01 -0700},
	Date-Modified = {2010-04-21 11:12:02 -0700},
	Doi = {doi: 10.1111/j.1420-9101.2006.01105.x},
	Journal = {J. European Society for Evolutionary Biology},
	Local-Url = {file://localhost/Users/dennisevangelista/Documents/Papers/2006/Dyke/2006%20Dyke.pdf},
	Month = {Jun},
	Pages = {1040--1043},
	Rating = {5},
	Title = {Flight of \emph{{S}harovipteryx mirabilis}: the world's first delta-winged glider},
	Uri = {papers://7745578F-AF22-43C6-9381-71DCABA46510/Paper/p2121},
	Volume = {19},
	Year = {2006},
	Bdsk-File-1 = {YnBsaXN0MDDUAQIDBAUIJidUJHRvcFgkb2JqZWN0c1gkdmVyc2lvblkkYXJjaGl2ZXLRBgdUcm9vdIABqAkKFRYXGyIjVSRudWxs0wsMDQ4RFFpOUy5vYmplY3RzV05TLmtleXNWJGNsYXNzog8QgASABqISE4ACgAOAB1lhbGlhc0RhdGFccmVsYXRpdmVQYXRo0hgNGRpXTlMuZGF0YU8RAbYAAAAAAbYAAgAADE1hY2ludG9zaCBIRAAAAAAAAAAAAAAAAAAAAMNhm/VIKwAAAAwM5A0yMDA2IER5a2UucGRmAAAAAAAAAAAAAAAAAAAAAAAAAAAAAAAAAAAAAAAAAAAAAAAAAAAAAAAAAAAAAAAAAAAADAzlwye+CQAAAAAAAAAAAAIABQAACSAAAAAAAAAAAAAAAAAAAAAERHlrZQAQAAgAAMNiDHUAAAARAAgAAMMoIHkAAAABABgADAzkAAwMQwAMA04AC9/aAAvfhQAAeWsAAgBNTWFjaW50b3NoIEhEOlVzZXJzOmRlbm5pc2V2YW5nZWxpc3RhOkRvY3VtZW50czpQYXBlcnM6MjAwNjpEeWtlOjIwMDYgRHlrZS5wZGYAAA4AHAANADIAMAAwADYAIABEAHkAawBlAC4AcABkAGYADwAaAAwATQBhAGMAaQBuAHQAbwBzAGgAIABIAEQAEgBAVXNlcnMvZGVubmlzZXZhbmdlbGlzdGEvRG9jdW1lbnRzL1BhcGVycy8yMDA2L0R5a2UvMjAwNiBEeWtlLnBkZgATAAEvAAAVAAIAGP//AACABdIcHR4fWCRjbGFzc2VzWiRjbGFzc25hbWWjHyAhXU5TTXV0YWJsZURhdGFWTlNEYXRhWE5TT2JqZWN0XxAuLi4vLi4vRG9jdW1lbnRzL1BhcGVycy8yMDA2L0R5a2UvMjAwNiBEeWtlLnBkZtIcHSQloiUhXE5TRGljdGlvbmFyeRIAAYagXxAPTlNLZXllZEFyY2hpdmVyAAgAEQAWAB8AKAAyADUAOgA8AEUASwBSAF0AZQBsAG8AcQBzAHYAeAB6AHwAhgCTAJgAoAJaAlwCYQJqAnUCeQKHAo4ClwLIAs0C0ALdAuIAAAAAAAACAQAAAAAAAAAoAAAAAAAAAAAAAAAAAAAC9A==},
	Bdsk-Url-1 = {http://dx.doi.org/10.1111/j.1420-9101.2006.01105.x}}

@article{Vernes:2001,
	Author = {Karl Vernes},
	Date-Added = {2009-06-02 19:07:01 -0700},
	Date-Modified = {2010-04-21 11:17:10 -0700},
	Journal = {Journal of Mammalogy},
	Local-Url = {file://localhost/Users/dennisevangelista/Documents/Papers/2001/Vernes/Journal%20of%20Mammalogy%202001%20Vernes.pdf},
	Month = {Sep},
	Number = {4},
	Pages = {1026--1033},
	Rating = {4},
	Title = {Gliding performance of the northern flying squirrel (\emph{{G}laucomys sabrinus}) in mature mixed forest of eastern {C}anada},
	Uri = {papers://7745578F-AF22-43C6-9381-71DCABA46510/Paper/p2074},
	Volume = {82},
	Year = {2001},
	Bdsk-File-1 = {YnBsaXN0MDDUAQIDBAUIJidUJHRvcFgkb2JqZWN0c1gkdmVyc2lvblkkYXJjaGl2ZXLRBgdUcm9vdIABqAkKFRYXGyIjVSRudWxs0wsMDQ4RFFpOUy5vYmplY3RzV05TLmtleXNWJGNsYXNzog8QgASABqISE4ACgAOAB1lhbGlhc0RhdGFccmVsYXRpdmVQYXRo0hgNGRpXTlMuZGF0YU8RAhQAAAAAAhQAAgAADE1hY2ludG9zaCBIRAAAAAAAAAAAAAAAAAAAAMNhm/VIKwAAAAwHYh9Kb3VybmFsIG9mIE1hbW1hbG9neSAjQzA3NjMucGRmAAAAAAAAAAAAAAAAAAAAAAAAAAAAAAAAAAAAAAAAAAAADAdjwx/9EQAAAAAAAAAAAAIABQAACSAAAAAAAAAAAAAAAAAAAAAGVmVybmVzABAACAAAw2IMdQAAABEACAAAwyBfgQAAAAEAGAAMB2IADAbpAAwDTgAL39oAC9+FAAB5awACAGFNYWNpbnRvc2ggSEQ6VXNlcnM6ZGVubmlzZXZhbmdlbGlzdGE6RG9jdW1lbnRzOlBhcGVyczoyMDAxOlZlcm5lczpKb3VybmFsIG9mIE1hbW1hbG9neSAjQzA3NjMucGRmAAAOAEoAJABKAG8AdQByAG4AYQBsACAAbwBmACAATQBhAG0AbQBhAGwAbwBnAHkAIAAyADAAMAAxACAAVgBlAHIAbgBlAHMALgBwAGQAZgAPABoADABNAGEAYwBpAG4AdABvAHMAaAAgAEgARAASAFlVc2Vycy9kZW5uaXNldmFuZ2VsaXN0YS9Eb2N1bWVudHMvUGFwZXJzLzIwMDEvVmVybmVzL0pvdXJuYWwgb2YgTWFtbWFsb2d5IDIwMDEgVmVybmVzLnBkZgAAEwABLwAAFQACABj//wAAgAXSHB0eH1gkY2xhc3Nlc1okY2xhc3NuYW1lox8gIV1OU011dGFibGVEYXRhVk5TRGF0YVhOU09iamVjdF8QRy4uLy4uL0RvY3VtZW50cy9QYXBlcnMvMjAwMS9WZXJuZXMvSm91cm5hbCBvZiBNYW1tYWxvZ3kgMjAwMSBWZXJuZXMucGRm0hwdJCWiJSFcTlNEaWN0aW9uYXJ5EgABhqBfEA9OU0tleWVkQXJjaGl2ZXIACAARABYAHwAoADIANQA6ADwARQBLAFIAXQBlAGwAbwBxAHMAdgB4AHoAfACGAJMAmACgArgCugK/AsgC0wLXAuUC7AL1Az8DRANHA1QDWQAAAAAAAAIBAAAAAAAAACgAAAAAAAAAAAAAAAAAAANr}}

@article{Stafford:2002,
	Abstract = {Gliding is a common adaptation in mammals. It has evolved independently in at least 6 extant taxa: Volitantia (the dermopterans and bats), Pteromyinae (true gliding squirrels), Anomaluridae (scaly-tail ``flying squirrels''), },
	Author = {Stafford, B. and Thorington, Jr., R. and Kawamichi, T.},
	Date-Added = {2009-06-02 19:07:01 -0700},
	Date-Modified = {2010-04-21 11:16:24 -0700},
	Journal = {Journal of Mammalogy},
	Local-Url = {file://localhost/Users/dennisevangelista/Documents/Papers/2002/Stafford/Journal%20of%20Mammalogy%202002%20Stafford.pdf},
	Number = {2},
	Pages = {553--562},
	Pmid = {8792298430654167817related:CbtdztaEBHoJ},
	Rating = {5},
	Title = {Gliding behavior of {J}apanese giant flying squirrels (\emph{{P}etaurista leucogenys})},
	Uri = {papers://7745578F-AF22-43C6-9381-71DCABA46510/Paper/p2705},
	Url = {http://www.bioone.org/perlserv/?request=get-abstract&doi=10.1644%252F1545-1542(2002)083%253C0553%253AGBOJGF%253E2.0.CO%253B2},
	Volume = {83},
	Year = {2002},
	Bdsk-File-1 = {YnBsaXN0MDDUAQIDBAUIJidUJHRvcFgkb2JqZWN0c1gkdmVyc2lvblkkYXJjaGl2ZXLRBgdUcm9vdIABqAkKFRYXGyIjVSRudWxs0wsMDQ4RFFpOUy5vYmplY3RzV05TLmtleXNWJGNsYXNzog8QgASABqISE4ACgAOAB1lhbGlhc0RhdGFccmVsYXRpdmVQYXRo0hgNGRpXTlMuZGF0YU8RAiAAAAAAAiAAAgAADE1hY2ludG9zaCBIRAAAAAAAAAAAAAAAAAAAAMNhm/VIKwAAAWXZ5R9Kb3VybmFsIG9mIE1hbW1hbG9nIzE2NUQ5NjIucGRmAAAAAAAAAAAAAAAAAAAAAAAAAAAAAAAAAAAAAAAAAAABZdliw9SfhQAAAAAAAAAAAAIABQAACSAAAAAAAAAAAAAAAAAAAAAIU3RhZmZvcmQAEAAIAADDYgx1AAAAEQAIAADD1RAFAAAAAQAYAWXZ5QAMB28ADANOAAvf2gAL34UAAHlrAAIAY01hY2ludG9zaCBIRDpVc2VyczpkZW5uaXNldmFuZ2VsaXN0YTpEb2N1bWVudHM6UGFwZXJzOjIwMDI6U3RhZmZvcmQ6Sm91cm5hbCBvZiBNYW1tYWxvZyMxNjVEOTYyLnBkZgAADgBOACYASgBvAHUAcgBuAGEAbAAgAG8AZgAgAE0AYQBtAG0AYQBsAG8AZwB5ACAAMgAwADAAMgAgAFMAdABhAGYAZgBvAHIAZAAuAHAAZABmAA8AGgAMAE0AYQBjAGkAbgB0AG8AcwBoACAASABEABIAXVVzZXJzL2Rlbm5pc2V2YW5nZWxpc3RhL0RvY3VtZW50cy9QYXBlcnMvMjAwMi9TdGFmZm9yZC9Kb3VybmFsIG9mIE1hbW1hbG9neSAyMDAyIFN0YWZmb3JkLnBkZgAAEwABLwAAFQACABj//wAAgAXSHB0eH1gkY2xhc3Nlc1okY2xhc3NuYW1lox8gIV1OU011dGFibGVEYXRhVk5TRGF0YVhOU09iamVjdF8QSy4uLy4uL0RvY3VtZW50cy9QYXBlcnMvMjAwMi9TdGFmZm9yZC9Kb3VybmFsIG9mIE1hbW1hbG9neSAyMDAyIFN0YWZmb3JkLnBkZtIcHSQloiUhXE5TRGljdGlvbmFyeRIAAYagXxAPTlNLZXllZEFyY2hpdmVyAAgAEQAWAB8AKAAyADUAOgA8AEUASwBSAF0AZQBsAG8AcQBzAHYAeAB6AHwAhgCTAJgAoALEAsYCywLUAt8C4wLxAvgDAQNPA1QDVwNkA2kAAAAAAAACAQAAAAAAAAAoAAAAAAAAAAAAAAAAAAADew==},
	Bdsk-Url-1 = {http://www.bioone.org/perlserv/?request=get-abstract&doi=10.1644%252F1545-1542(2002)083%253C0553%253AGBOJGF%253E2.0.CO%253B2}}

@article{Koehl:2004,
	Author = {Mimi A. R Koehl},
	Date-Added = {2009-06-02 19:07:01 -0700},
	Date-Modified = {2009-06-02 19:07:32 -0700},
	Journal = {unpublished},
	Keywords = {biomechanics, aerodynamics, gliding, physical_models, flight, microraptor},
	Local-Url = {file://localhost/Users/dennisevangelista/Documents/Papers/2004/Koehl/2004%20Koehl.pdf},
	Month = {Oct},
	Number = {April 28, 2004},
	Pages = {1--12},
	Rating = {0},
	Read = {Yes},
	Title = {Guido calculations},
	Uri = {papers://7745578F-AF22-43C6-9381-71DCABA46510/Paper/p4958},
	Year = {2004},
	Bdsk-File-1 = {YnBsaXN0MDDUAQIDBAUIJidUJHRvcFgkb2JqZWN0c1gkdmVyc2lvblkkYXJjaGl2ZXLRBgdUcm9vdIABqAkKFRYXGyIjVSRudWxs0wsMDQ4RFFpOUy5vYmplY3RzV05TLmtleXNWJGNsYXNzog8QgASABqISE4ACgAOAB1lhbGlhc0RhdGFccmVsYXRpdmVQYXRo0hgNGRpXTlMuZGF0YU8RAb4AAAAAAb4AAgAADE1hY2ludG9zaCBIRAAAAAAAAAAAAAAAAAAAAMNhm/VIKwAAAAwJog4yMDA0IEtvZWhsLnBkZgAAAAAAAAAAAAAAAAAAAAAAAAAAAAAAAAAAAAAAAAAAAAAAAAAAAAAAAAAAAAAAAAADvIU5xQ6lF1BERiBDQVJPAAIABQAACSAAAAAAAAAAAAAAAAAAAAAFS29laGwAABAACAAAw2IMdQAAABEACAAAxQ8HhwAAAAEAGAAMCaIADAk/AAwDTgAL39oAC9+FAAB5awACAE9NYWNpbnRvc2ggSEQ6VXNlcnM6ZGVubmlzZXZhbmdlbGlzdGE6RG9jdW1lbnRzOlBhcGVyczoyMDA0OktvZWhsOjIwMDQgS29laGwucGRmAAAOAB4ADgAyADAAMAA0ACAASwBvAGUAaABsAC4AcABkAGYADwAaAAwATQBhAGMAaQBuAHQAbwBzAGgAIABIAEQAEgBCVXNlcnMvZGVubmlzZXZhbmdlbGlzdGEvRG9jdW1lbnRzL1BhcGVycy8yMDA0L0tvZWhsLzIwMDQgS29laGwucGRmABMAAS8AABUAAgAY//8AAIAF0hwdHh9YJGNsYXNzZXNaJGNsYXNzbmFtZaMfICFdTlNNdXRhYmxlRGF0YVZOU0RhdGFYTlNPYmplY3RfEDAuLi8uLi9Eb2N1bWVudHMvUGFwZXJzLzIwMDQvS29laGwvMjAwNCBLb2VobC5wZGbSHB0kJaIlIVxOU0RpY3Rpb25hcnkSAAGGoF8QD05TS2V5ZWRBcmNoaXZlcgAIABEAFgAfACgAMgA1ADoAPABFAEsAUgBdAGUAbABvAHEAcwB2AHgAegB8AIYAkwCYAKACYgJkAmkCcgJ9AoECjwKWAp8C0gLXAtoC5wLsAAAAAAAAAgEAAAAAAAAAKAAAAAAAAAAAAAAAAAAAAv4=}}

@article{Shyy:1999,
	Author = {Wei Shyy and Mats Berg and Daniel Ljungqvist},
	Date-Added = {2009-03-30 10:21:35 -0700},
	Date-Modified = {2009-06-02 19:07:32 -0700},
	Journal = {Progress in Aerospace Sciences},
	Local-Url = {file://localhost/Users/dennisevangelista/Documents/Papers/1999/Shyy/Progress%20in%20Aerospace%20Sciences%201999%20Shyy.pdf},
	Month = {Jul},
	Pages = {455--505},
	Pii = {S0376-0421(98)00016-5},
	Rating = {0},
	Title = {Flapping and flexible wings for biological and micro air vehicles},
	Uri = {papers://7745578F-AF22-43C6-9381-71DCABA46510/Paper/p5878},
	Volume = {35},
	Year = {1999},
	Bdsk-File-1 = {YnBsaXN0MDDUAQIDBAUIJidUJHRvcFgkb2JqZWN0c1gkdmVyc2lvblkkYXJjaGl2ZXLRBgdUcm9vdIABqAkKFRYXGyIjVSRudWxs0wsMDQ4RFFpOUy5vYmplY3RzV05TLmtleXNWJGNsYXNzog8QgASABqISE4ACgAOAB1lhbGlhc0RhdGFccmVsYXRpdmVQYXRo0hgNGRpXTlMuZGF0YU8RAiYAAAAAAiYAAgAADE1hY2ludG9zaCBIRAAAAAAAAAAAAAAAAAAAAMNhm/VIKwAACw97IB9Qcm9ncmVzcyBpbiBBZXJvc3BhIzZCMjA5RDkucGRmAAAAAAAAAAAAAAAAAAAAAAAAAAAAAAAAAAAAAAAAAAAGsgnZxfZMsQAAAAAAAAAAAAIABQAACSAAAAAAAAAAAAAAAAAAAAAEU2h5eQAQAAgAAMNiDHUAAAARAAgAAMX2ryEAAAABABgLD3sgAAwF8wAMA04AC9/aAAvfhQAAeWsAAgBfTWFjaW50b3NoIEhEOlVzZXJzOmRlbm5pc2V2YW5nZWxpc3RhOkRvY3VtZW50czpQYXBlcnM6MTk5OTpTaHl5OlByb2dyZXNzIGluIEFlcm9zcGEjNkIyMDlEOS5wZGYAAA4AWgAsAFAAcgBvAGcAcgBlAHMAcwAgAGkAbgAgAEEAZQByAG8AcwBwAGEAYwBlACAAUwBjAGkAZQBuAGMAZQBzACAAMQA5ADkAOQAgAFMAaAB5AHkALgBwAGQAZgAPABoADABNAGEAYwBpAG4AdABvAHMAaAAgAEgARAASAF9Vc2Vycy9kZW5uaXNldmFuZ2VsaXN0YS9Eb2N1bWVudHMvUGFwZXJzLzE5OTkvU2h5eS9Qcm9ncmVzcyBpbiBBZXJvc3BhY2UgU2NpZW5jZXMgMTk5OSBTaHl5LnBkZgAAEwABLwAAFQACABj//wAAgAXSHB0eH1gkY2xhc3Nlc1okY2xhc3NuYW1lox8gIV1OU011dGFibGVEYXRhVk5TRGF0YVhOU09iamVjdF8QTS4uLy4uL0RvY3VtZW50cy9QYXBlcnMvMTk5OS9TaHl5L1Byb2dyZXNzIGluIEFlcm9zcGFjZSBTY2llbmNlcyAxOTk5IFNoeXkucGRm0hwdJCWiJSFcTlNEaWN0aW9uYXJ5EgABhqBfEA9OU0tleWVkQXJjaGl2ZXIACAARABYAHwAoADIANQA6ADwARQBLAFIAXQBlAGwAbwBxAHMAdgB4AHoAfACGAJMAmACgAsoCzALRAtoC5QLpAvcC/gMHA1cDXANfA2wDcQAAAAAAAAIBAAAAAAAAACgAAAAAAAAAAAAAAAAAAAOD}}

@article{McGuire:2003,
	Author = {Jimmy A McGuire},
	Date-Added = {2008-05-31 11:39:54 -0700},
	Date-Modified = {2009-06-02 19:07:32 -0700},
	Journal = {Am. Nat.},
	Local-Url = {file://localhost/Users/dennisevangelista/Documents/Papers/2003/McGuire/Am.%20Nat.%202003%20McGuire.pdf},
	Number = {2},
	Pages = {337--9},
	Pmid = {16993152855866234316related:zFXSI33O0-sJ},
	Rating = {4},
	Read = {Yes},
	Title = {Allometric prediction of locomotor performance: an example from {S}outheast {A}sian flying lizards.},
	Uri = {papers://7745578F-AF22-43C6-9381-71DCABA46510/Paper/p4485},
	Volume = {161},
	Year = {2003},
	Bdsk-File-1 = {YnBsaXN0MDDUAQIDBAUIJidUJHRvcFgkb2JqZWN0c1gkdmVyc2lvblkkYXJjaGl2ZXLRBgdUcm9vdIABqAkKFRYXGyIjVSRudWxs0wsMDQ4RFFpOUy5vYmplY3RzV05TLmtleXNWJGNsYXNzog8QgASABqISE4ACgAOAB1lhbGlhc0RhdGFccmVsYXRpdmVQYXRo0hgNGRpXTlMuZGF0YU8RAegAAAAAAegAAgAADE1hY2ludG9zaCBIRAAAAAAAAAAAAAAAAAAAAMNhm/VIKwAAA1hMfhdBbSBOYXQgMjAwMyBNY0d1aXJlLnBkZgAAAAAAAAAAAAAAAAAAAAAAAAAAAAAAAAAAAAAAAAAAAAAAAAAAAAADStoqxGXUWwAAAAAAAAAAAAIABQAACSAAAAAAAAAAAAAAAAAAAAAHTWNHdWlyZQAAEAAIAADDYgx1AAAAEQAIAADEZjbLAAAAAQAYA1hMfgAMCF0ADANOAAvf2gAL34UAAHlrAAIAWk1hY2ludG9zaCBIRDpVc2VyczpkZW5uaXNldmFuZ2VsaXN0YTpEb2N1bWVudHM6UGFwZXJzOjIwMDM6TWNHdWlyZTpBbSBOYXQgMjAwMyBNY0d1aXJlLnBkZgAOADAAFwBBAG0AIABOAGEAdAAgADIAMAAwADMAIABNAGMARwB1AGkAcgBlAC4AcABkAGYADwAaAAwATQBhAGMAaQBuAHQAbwBzAGgAIABIAEQAEgBNVXNlcnMvZGVubmlzZXZhbmdlbGlzdGEvRG9jdW1lbnRzL1BhcGVycy8yMDAzL01jR3VpcmUvQW0gTmF0IDIwMDMgTWNHdWlyZS5wZGYAABMAAS8AABUAAgAY//8AAIAF0hwdHh9YJGNsYXNzZXNaJGNsYXNzbmFtZaMfICFdTlNNdXRhYmxlRGF0YVZOU0RhdGFYTlNPYmplY3RfEDsuLi8uLi9Eb2N1bWVudHMvUGFwZXJzLzIwMDMvTWNHdWlyZS9BbSBOYXQgMjAwMyBNY0d1aXJlLnBkZtIcHSQloiUhXE5TRGljdGlvbmFyeRIAAYagXxAPTlNLZXllZEFyY2hpdmVyAAgAEQAWAB8AKAAyADUAOgA8AEUASwBSAF0AZQBsAG8AcQBzAHYAeAB6AHwAhgCTAJgAoAKMAo4CkwKcAqcCqwK5AsACyQMHAwwDDwMcAyEAAAAAAAACAQAAAAAAAAAoAAAAAAAAAAAAAAAAAAADMw==}}

@article{McGuire:2005,
	Author = {Jimmy A McGuire and Robert A Dudley},
	Date-Added = {2007-09-26 12:14:16 -0700},
	Date-Modified = {2009-06-02 19:07:32 -0700},
	Journal = {Am. Nat.},
	Local-Url = {file://localhost/Users/dennisevangelista/Documents/Papers/2005/McGuire/Am.%20Nat.%202005%20McGuire.pdf},
	Month = {Jun},
	Number = {1},
	Pages = {93--106},
	Rating = {5},
	Read = {Yes},
	Title = {The cost of living large: comparative gliding performance in flying lizards ({A}gamidae: \emph{{D}raco})},
	Uri = {papers://7745578F-AF22-43C6-9381-71DCABA46510/Paper/p2076},
	Volume = {166},
	Year = {2005},
	Bdsk-File-1 = {YnBsaXN0MDDUAQIDBAUIJidUJHRvcFgkb2JqZWN0c1gkdmVyc2lvblkkYXJjaGl2ZXLRBgdUcm9vdIABqAkKFRYXGyIjVSRudWxs0wsMDQ4RFFpOUy5vYmplY3RzV05TLmtleXNWJGNsYXNzog8QgASABqISE4ACgAOAB1lhbGlhc0RhdGFccmVsYXRpdmVQYXRo0hgNGRpXTlMuZGF0YU8RAegAAAAAAegAAgAADE1hY2ludG9zaCBIRAAAAAAAAAAAAAAAAAAAAMNhm/VIKwAAAAwLTRdBbSBOYXQgMjAwNSBNY0d1aXJlLnBkZgAAAAAAAAAAAAAAAAAAAAAAAAAAAAAAAAAAAAAAAAAAAAAAAAAAAAAADAtOwx/9ZgAAAAAAAAAAAAIABQAACSAAAAAAAAAAAAAAAAAAAAAHTWNHdWlyZQAAEAAIAADDYgx1AAAAEQAIAADDIF/WAAAAAQAYAAwLTQAMCngADANOAAvf2gAL34UAAHlrAAIAWk1hY2ludG9zaCBIRDpVc2VyczpkZW5uaXNldmFuZ2VsaXN0YTpEb2N1bWVudHM6UGFwZXJzOjIwMDU6TWNHdWlyZTpBbSBOYXQgMjAwNSBNY0d1aXJlLnBkZgAOADAAFwBBAG0AIABOAGEAdAAgADIAMAAwADUAIABNAGMARwB1AGkAcgBlAC4AcABkAGYADwAaAAwATQBhAGMAaQBuAHQAbwBzAGgAIABIAEQAEgBNVXNlcnMvZGVubmlzZXZhbmdlbGlzdGEvRG9jdW1lbnRzL1BhcGVycy8yMDA1L01jR3VpcmUvQW0gTmF0IDIwMDUgTWNHdWlyZS5wZGYAABMAAS8AABUAAgAY//8AAIAF0hwdHh9YJGNsYXNzZXNaJGNsYXNzbmFtZaMfICFdTlNNdXRhYmxlRGF0YVZOU0RhdGFYTlNPYmplY3RfEDsuLi8uLi9Eb2N1bWVudHMvUGFwZXJzLzIwMDUvTWNHdWlyZS9BbSBOYXQgMjAwNSBNY0d1aXJlLnBkZtIcHSQloiUhXE5TRGljdGlvbmFyeRIAAYagXxAPTlNLZXllZEFyY2hpdmVyAAgAEQAWAB8AKAAyADUAOgA8AEUASwBSAF0AZQBsAG8AcQBzAHYAeAB6AHwAhgCTAJgAoAKMAo4CkwKcAqcCqwK5AsACyQMHAwwDDwMcAyEAAAAAAAACAQAAAAAAAAAoAAAAAAAAAAAAAAAAAAADMw==}}

@article{Fish:1990,
	Author = {Frank E Fish},
	Date-Added = {2008-10-11 16:21:17 -0700},
	Date-Modified = {2009-06-02 19:07:32 -0700},
	Journal = {J. Zool.},
	Local-Url = {file://localhost/Users/dennisevangelista/Documents/Papers/1990/Fish/J.%20Zool.%201990%20Fish.pdf},
	Month = {Jun},
	Pages = {391--403},
	Rating = {4},
	Read = {Yes},
	Title = {Wing design and scaling of flying fish with regard to flight performance},
	Uri = {papers://7745578F-AF22-43C6-9381-71DCABA46510/Paper/p4982},
	Volume = {221},
	Year = {1990},
	Bdsk-File-1 = {YnBsaXN0MDDUAQIDBAUIJidUJHRvcFgkb2JqZWN0c1gkdmVyc2lvblkkYXJjaGl2ZXLRBgdUcm9vdIABqAkKFRYXGyIjVSRudWxs0wsMDQ4RFFpOUy5vYmplY3RzV05TLmtleXNWJGNsYXNzog8QgASABqISE4ACgAOAB1lhbGlhc0RhdGFccmVsYXRpdmVQYXRo0hgNGRpXTlMuZGF0YU8RAdoAAAAAAdoAAgAADE1hY2ludG9zaCBIRAAAAAAAAAAAAAAAAAAAAMNhm/VIKwAAA8G8SBZKLiBab29sLiAxOTkwIEZpc2gucGRmAAAAAAAAAAAAAAAAAAAAAAAAAAAAAAAAAAAAAAAAAAAAAAAAAAAAAAADwbstxRT5kQAAAAAAAAAAAAIABQAACSAAAAAAAAAAAAAAAAAAAAAERmlzaAAQAAgAAMNiDHUAAAARAAgAAMUVXAEAAAABABgDwbxIAAwE5gAMA04AC9/aAAvfhQAAeWsAAgBWTWFjaW50b3NoIEhEOlVzZXJzOmRlbm5pc2V2YW5nZWxpc3RhOkRvY3VtZW50czpQYXBlcnM6MTk5MDpGaXNoOkouIFpvb2wuIDE5OTAgRmlzaC5wZGYADgAuABYASgAuACAAWgBvAG8AbAAuACAAMQA5ADkAMAAgAEYAaQBzAGgALgBwAGQAZgAPABoADABNAGEAYwBpAG4AdABvAHMAaAAgAEgARAASAElVc2Vycy9kZW5uaXNldmFuZ2VsaXN0YS9Eb2N1bWVudHMvUGFwZXJzLzE5OTAvRmlzaC9KLiBab29sLiAxOTkwIEZpc2gucGRmAAATAAEvAAAVAAIAGP//AACABdIcHR4fWCRjbGFzc2VzWiRjbGFzc25hbWWjHyAhXU5TTXV0YWJsZURhdGFWTlNEYXRhWE5TT2JqZWN0XxA3Li4vLi4vRG9jdW1lbnRzL1BhcGVycy8xOTkwL0Zpc2gvSi4gWm9vbC4gMTk5MCBGaXNoLnBkZtIcHSQloiUhXE5TRGljdGlvbmFyeRIAAYagXxAPTlNLZXllZEFyY2hpdmVyAAgAEQAWAB8AKAAyADUAOgA8AEUASwBSAF0AZQBsAG8AcQBzAHYAeAB6AHwAhgCTAJgAoAJ+AoAChQKOApkCnQKrArICuwL1AvoC/QMKAw8AAAAAAAACAQAAAAAAAAAoAAAAAAAAAAAAAAAAAAADIQ==}}

@article{Hairston:1957,
	Author = {Nelson G Hairston},
	Date-Added = {2008-05-26 10:56:30 -0700},
	Date-Modified = {2009-06-02 19:07:32 -0700},
	Journal = {Copeia},
	Local-Url = {file://localhost/Users/dennisevangelista/Documents/Papers/1957/Hairston/Copeia%201957%20Hairston.pdf},
	Month = {Jan},
	Number = {4},
	Pages = {262--265},
	Rating = {5},
	Title = {Observation on the behavior of \emph{{D}raco volans} in the {P}hilippines},
	Uri = {papers://7745578F-AF22-43C6-9381-71DCABA46510/Paper/p4400},
	Volume = {1957},
	Year = {1957},
	Bdsk-File-1 = {YnBsaXN0MDDUAQIDBAUIJidUJHRvcFgkb2JqZWN0c1gkdmVyc2lvblkkYXJjaGl2ZXLRBgdUcm9vdIABqAkKFRYXGyIjVSRudWxs0wsMDQ4RFFpOUy5vYmplY3RzV05TLmtleXNWJGNsYXNzog8QgASABqISE4ACgAOAB1lhbGlhc0RhdGFccmVsYXRpdmVQYXRo0hgNGRpXTlMuZGF0YU8RAe4AAAAAAe4AAgAADE1hY2ludG9zaCBIRAAAAAAAAAAAAAAAAAAAAMNhm/VIKwAABF1ZUBhDb3BlaWEgMTk1NyBIYWlyc3Rvbi5wZGYAAAAAAAAAAAAAAAAAAAAAAAAAAAAAAAAAAAAAAAAAAAAAAAAAAAADSHM6xGBFHQAAAAAAAAAAAAIABQAACSAAAAAAAAAAAAAAAAAAAAAISGFpcnN0b24AEAAIAADDYgx1AAAAEQAIAADEYKeNAAAAAQAYBF1ZUAAMA7oADANOAAvf2gAL34UAAHlrAAIAXE1hY2ludG9zaCBIRDpVc2VyczpkZW5uaXNldmFuZ2VsaXN0YTpEb2N1bWVudHM6UGFwZXJzOjE5NTc6SGFpcnN0b246Q29wZWlhIDE5NTcgSGFpcnN0b24ucGRmAA4AMgAYAEMAbwBwAGUAaQBhACAAMQA5ADUANwAgAEgAYQBpAHIAcwB0AG8AbgAuAHAAZABmAA8AGgAMAE0AYQBjAGkAbgB0AG8AcwBoACAASABEABIAT1VzZXJzL2Rlbm5pc2V2YW5nZWxpc3RhL0RvY3VtZW50cy9QYXBlcnMvMTk1Ny9IYWlyc3Rvbi9Db3BlaWEgMTk1NyBIYWlyc3Rvbi5wZGYAABMAAS8AABUAAgAY//8AAIAF0hwdHh9YJGNsYXNzZXNaJGNsYXNzbmFtZaMfICFdTlNNdXRhYmxlRGF0YVZOU0RhdGFYTlNPYmplY3RfED0uLi8uLi9Eb2N1bWVudHMvUGFwZXJzLzE5NTcvSGFpcnN0b24vQ29wZWlhIDE5NTcgSGFpcnN0b24ucGRm0hwdJCWiJSFcTlNEaWN0aW9uYXJ5EgABhqBfEA9OU0tleWVkQXJjaGl2ZXIACAARABYAHwAoADIANQA6ADwARQBLAFIAXQBlAGwAbwBxAHMAdgB4AHoAfACGAJMAmACgApIClAKZAqICrQKxAr8CxgLPAw8DFAMXAyQDKQAAAAAAAAIBAAAAAAAAACgAAAAAAAAAAAAAAAAAAAM7}}

@article{Shyy:2005,
	Author = {Wei Shyy and Peter Ifju and Dragos Vileru},
	Date-Added = {2009-03-30 10:21:30 -0700},
	Date-Modified = {2009-06-02 19:07:32 -0700},
	Journal = {Applied Mechanics Reviews},
	Local-Url = {file://localhost/Users/dennisevangelista/Documents/Papers/2005/Shyy/Applied%20Mechanics%20Reviews%202005%20Shyy.pdf},
	Month = {Jul},
	Pages = {283--301},
	Rating = {0},
	Title = {Membrane wing-based micro air vehicles},
	Uri = {papers://7745578F-AF22-43C6-9381-71DCABA46510/Paper/p5879},
	Volume = {58},
	Year = {2005},
	Bdsk-File-1 = {YnBsaXN0MDDUAQIDBAUIJidUJHRvcFgkb2JqZWN0c1gkdmVyc2lvblkkYXJjaGl2ZXLRBgdUcm9vdIABqAkKFRYXGyIjVSRudWxs0wsMDQ4RFFpOUy5vYmplY3RzV05TLmtleXNWJGNsYXNzog8QgASABqISE4ACgAOAB1lhbGlhc0RhdGFccmVsYXRpdmVQYXRo0hgNGRpXTlMuZGF0YU8RAhYAAAAAAhYAAgAADE1hY2ludG9zaCBIRAAAAAAAAAAAAAAAAAAAAMNhm/VIKwAACw96PR9BcHBsaWVkIE1lY2hhbmljcyBSIzZCMjA5RDcucGRmAAAAAAAAAAAAAAAAAAAAAAAAAAAAAAAAAAAAAAAAAAAGsgnXxfZNTwAAAAAAAAAAAAIABQAACSAAAAAAAAAAAAAAAAAAAAAEU2h5eQAQAAgAAMNiDHUAAAARAAgAAMX2r78AAAABABgLD3o9AAwKeAAMA04AC9/aAAvfhQAAeWsAAgBfTWFjaW50b3NoIEhEOlVzZXJzOmRlbm5pc2V2YW5nZWxpc3RhOkRvY3VtZW50czpQYXBlcnM6MjAwNTpTaHl5OkFwcGxpZWQgTWVjaGFuaWNzIFIjNkIyMDlENy5wZGYAAA4AUAAnAEEAcABwAGwAaQBlAGQAIABNAGUAYwBoAGEAbgBpAGMAcwAgAFIAZQB2AGkAZQB3AHMAIAAyADAAMAA1ACAAUwBoAHkAeQAuAHAAZABmAA8AGgAMAE0AYQBjAGkAbgB0AG8AcwBoACAASABEABIAWlVzZXJzL2Rlbm5pc2V2YW5nZWxpc3RhL0RvY3VtZW50cy9QYXBlcnMvMjAwNS9TaHl5L0FwcGxpZWQgTWVjaGFuaWNzIFJldmlld3MgMjAwNSBTaHl5LnBkZgATAAEvAAAVAAIAGP//AACABdIcHR4fWCRjbGFzc2VzWiRjbGFzc25hbWWjHyAhXU5TTXV0YWJsZURhdGFWTlNEYXRhWE5TT2JqZWN0XxBILi4vLi4vRG9jdW1lbnRzL1BhcGVycy8yMDA1L1NoeXkvQXBwbGllZCBNZWNoYW5pY3MgUmV2aWV3cyAyMDA1IFNoeXkucGRm0hwdJCWiJSFcTlNEaWN0aW9uYXJ5EgABhqBfEA9OU0tleWVkQXJjaGl2ZXIACAARABYAHwAoADIANQA6ADwARQBLAFIAXQBlAGwAbwBxAHMAdgB4AHoAfACGAJMAmACgAroCvALBAsoC1QLZAucC7gL3A0IDRwNKA1cDXAAAAAAAAAIBAAAAAAAAACgAAAAAAAAAAAAAAAAAAANu}}
